<?xml version="1.0" encoding="UTF-8"?>
<!DOCTYPE html PUBLIC "-//W3C//DTD XHTML 1.0 Transitional//EN"
    "http://www.w3.org/TR/xhtml1/DTD/xhtml1-transitional.dtd">
<html xmlns="http://www.w3.org/1999/xhtml" xml:lang="en" lang="en">
 <head>
  <title>
</title>
<meta http-equiv="Content-Type" content="text/html;charset=utf-8" />
  <meta name='ocr-system' content='tesseract 3.04.00' />
  <meta name='ocr-capabilities' content='ocr_page ocr_carea ocr_par ocr_line ocrx_word'/>
</head>
<body>
  <div class='ocr_page' id='page_1' title='image "./scriptorumeccle00routgoog_0090.png"; bbox 0 0 3316 5198; ppageno 0'>
   <div class='ocr_carea' id='block_1_1' title="bbox 406 481 1255 552">
    <p class='ocr_par' dir='ltr' id='par_1_1' title="bbox 406 481 1255 552">
     <span class='ocr_line' id='line_1_1' title="bbox 406 481 1255 552; baseline 0.006 -7"><span class='ocrx_word' id='word_1_1' title='bbox 406 482 602 546; x_wconf 83' lang='lat' dir='ltr'>CONTRA</span> <span class='ocrx_word' id='word_1_2' title='bbox 626 481 861 546; x_wconf 79' lang='lat' dir='ltr'>HAERESIM</span> <span class='ocrx_word' id='word_1_3' title='bbox 886 483 1049 548; x_wconf 83' lang='grc' dir='ltr'><strong>ΝΟΕΤΙ.</strong></span> <span class='ocrx_word' id='word_1_4' title='bbox 1212 487 1255 552; x_wconf 80' lang='lat'>73</span> 
     </span>
    </p>
   </div>
   <div class='ocr_carea' id='block_1_2' title="bbox 157 653 1257 3051">
    <p class='ocr_par' dir='ltr' id='par_1_2' title="bbox 157 653 1257 3051">
     <span class='ocr_line' id='line_1_2' title="bbox 203 653 1254 761; baseline 0.01 -29"><span class='ocrx_word' id='word_1_5' title='bbox 203 653 461 753; x_wconf 80' lang='grc' dir='ltr'>ἀναλαμβάνει,</span> <span class='ocrx_word' id='word_1_6' title='bbox 480 655 501 733; x_wconf 93' lang='lat'><em>5</em></span> <span class='ocrx_word' id='word_1_7' title='bbox 517 653 604 739; x_wconf 80' lang='grc' dir='ltr'>Υἱός</span> <span class='ocrx_word' id='word_1_8' title='bbox 621 654 849 754; x_wconf 81' lang='grc' dir='ltr'>καλούμενος.</span> <span class='ocrx_word' id='word_1_9' title='bbox 889 657 985 736; x_wconf 72' lang='grc' dir='ltr'>Οὔτε</span> <span class='ocrx_word' id='word_1_10' title='bbox 1004 654 1076 760; x_wconf 78' lang='grc' dir='ltr'>γὰρ</span> <span class='ocrx_word' id='word_1_11' title='bbox 1094 656 1254 761; x_wconf 76' lang='grc' dir='ltr'>ἄσαρκος</span> 
     </span>
     <span class='ocr_line' id='line_1_3' title="bbox 203 778 1251 884; baseline 0.005 -26"><span class='ocrx_word' id='word_1_12' title='bbox 203 783 262 859; x_wconf 81' lang='grc' dir='ltr'>καὶ</span> <span class='ocrx_word' id='word_1_13' title='bbox 289 782 367 860; x_wconf 69' lang='grc' dir='ltr'>καθ</span> <span class='ocrx_word' id='word_1_14' title='bbox 388 778 513 861; x_wconf 63' lang='lat' dir='ltr'>{ambo</span> <span class='ocrx_word' id='word_1_15' title='bbox 531 784 551 862; x_wconf 90' lang='lat'><em>5</em></span> <span class='ocrx_word' id='word_1_16' title='bbox 571 779 703 884; x_wconf 91' lang='grc' dir='ltr'>Λόγος,</span> <span class='ocrx_word' id='word_1_17' title='bbox 721 784 854 868; x_wconf 78' lang='grc' dir='ltr'>τέλειος</span> <span class='ocrx_word' id='word_1_18' title='bbox 881 781 926 884; x_wconf 87' lang='grc' dir='ltr'>ἦν</span> <span class='ocrx_word' id='word_1_19' title='bbox 944 781 1041 880; x_wconf 77' lang='grc' dir='ltr'>Υἱός,</span> <span class='ocrx_word' id='word_1_20' title='bbox 1060 785 1175 864; x_wconf 84' lang='grc' dir='ltr'>καίτοι</span> <span class='ocrx_word' id='word_1_21' title='bbox 1192 785 1251 863; x_wconf 86' lang='grc' dir='ltr'>τέ-</span> 
     </span>
     <span class='ocr_line' id='line_1_4' title="bbox 203 905 1254 1020; baseline 0.004 -34"><span class='ocrx_word' id='word_1_22' title='bbox 203 919 298 992; x_wconf 91' lang='grc' dir='ltr'>λειος</span> <span class='ocrx_word' id='word_1_23' title='bbox 316 905 438 1010; x_wconf 92' lang='grc' dir='ltr'>Λόγος</span> <span class='ocrx_word' id='word_1_24' title='bbox 465 907 517 989; x_wconf 77' lang='grc' dir='ltr'>ὢν</span> <span class='ocrx_word' id='word_1_25' title='bbox 533 909 739 1013; x_wconf 76' lang='grc' dir='ltr'>μονογενὴς,</span> <span class='ocrx_word' id='word_1_26' title='bbox 758 913 832 992; x_wconf 69' lang='grc' dir='ltr'>οὔθ</span> <span class='ocrx_word' id='word_1_27' title='bbox 850 912 873 1012; x_wconf 90' lang='grc' dir='ltr'>ῆ</span> <span class='ocrx_word' id='word_1_28' title='bbox 901 909 1004 1020; x_wconf 78' lang='grc' dir='ltr'>σὰρξ</span> <span class='ocrx_word' id='word_1_29' title='bbox 1029 914 1106 992; x_wconf 70' lang='grc' dir='ltr'>καθ</span> <span class='ocrx_word' id='word_1_30' title='bbox 1127 908 1254 1011; x_wconf 80' lang='grc' dir='ltr'>ἑαυτὴν</span> 
     </span>
     <span class='ocr_line' id='line_1_5' title="bbox 203 1035 1254 1146; baseline 0.005 -32"><span class='ocrx_word' id='word_1_31' title='bbox 203 1037 286 1140; x_wconf 87' lang='grc' dir='ltr'>δίχα</span> <span class='ocrx_word' id='word_1_32' title='bbox 303 1044 368 1116; x_wconf 83' lang='grc' dir='ltr'>τοῦ</span> <span class='ocrx_word' id='word_1_33' title='bbox 387 1035 510 1140; x_wconf 84' lang='grc' dir='ltr'>Λόγου</span> <span class='ocrx_word' id='word_1_34' title='bbox 533 1041 733 1138; x_wconf 79' lang='grc' dir='ltr'>ὑποστῆναι</span> <span class='ocrx_word' id='word_1_35' title='bbox 756 1036 921 1138; x_wconf 82' lang='grc' dir='ltr'>ἠδύνατο,</span> <span class='ocrx_word' id='word_1_36' title='bbox 940 1039 998 1120; x_wconf 78' lang='grc' dir='ltr'>διὰ</span> <span class='ocrx_word' id='word_1_37' title='bbox 1023 1036 1064 1120; x_wconf 80' lang='grc' dir='ltr'>τό</span> <span class='ocrx_word' id='word_1_38' title='bbox 1087 1041 1125 1119; x_wconf 90' lang='grc' dir='ltr'>ἐν</span> <span class='ocrx_word' id='word_1_39' title='bbox 1143 1037 1254 1146; x_wconf 82' lang='grc' dir='ltr'>Λόγιρ</span> 
     </span>
     <span class='ocr_line' id='line_1_6' title="bbox 176 1162 1254 1270; baseline 0.006 -26"><span class='ocrx_word' id='word_1_40' title='bbox 176 1162 269 1264; x_wconf 73' lang='grc' dir='ltr'>5πῆν</span> <span class='ocrx_word' id='word_1_41' title='bbox 296 1163 483 1246; x_wconf 84' lang='grc' dir='ltr'>σύστασιν</span> <span class='ocrx_word' id='word_1_42' title='bbox 519 1165 623 1270; x_wconf 83' lang='grc' dir='ltr'>ἐχειν·</span> <span class='ocrx_word' id='word_1_43' title='bbox 665 1167 794 1250; x_wconf 77' lang='grc' dir='ltr'>Οὕτως</span> <span class='ocrx_word' id='word_1_44' title='bbox 826 1167 890 1247; x_wconf 77' lang='grc' dir='ltr'>οὖν</span> <span class='ocrx_word' id='word_1_45' title='bbox 921 1165 970 1252; x_wconf 82' lang='grc' dir='ltr'>εἶς</span> <span class='ocrx_word' id='word_1_46' title='bbox 1002 1166 1091 1252; x_wconf 73' lang='grc' dir='ltr'>Υἱὸς</span> <span class='ocrx_word' id='word_1_47' title='bbox 1119 1166 1254 1250; x_wconf 80' lang='grc' dir='ltr'>τέλειος</span> 
     </span>
     <span class='ocr_line' id='line_1_7' title="bbox 204 1292 534 1400; baseline 0 -28"><span class='ocrx_word' id='word_1_48' title='bbox 204 1297 300 1373; x_wconf 85' lang='grc' dir='ltr'>Θεοῦ</span> <span class='ocrx_word' id='word_1_49' title='bbox 312 1292 534 1400; x_wconf 78' lang='grc' dir='ltr'>ἐφανερώθη.</span> 
     </span>
     <span class='ocr_line' id='line_1_8' title="bbox 259 1419 1253 1524; baseline 0.003 -24"><span class='ocrx_word' id='word_1_50' title='bbox 259 1419 317 1506; x_wconf 69' lang='grc' dir='ltr'>ις’.</span> <span class='ocrx_word' id='word_1_51' title='bbox 335 1423 408 1501; x_wconf 78' lang='grc' dir='ltr'>Καὶ</span> <span class='ocrx_word' id='word_1_52' title='bbox 418 1429 533 1501; x_wconf 83' lang='grc' dir='ltr'>ταῦτα</span> <span class='ocrx_word' id='word_1_53' title='bbox 544 1419 610 1521; x_wconf 81' lang='grc' dir='ltr'>ρέν</span> <span class='ocrx_word' id='word_1_54' title='bbox 622 1423 703 1524; x_wconf 81' lang='grc' dir='ltr'>περὶ</span> <span class='ocrx_word' id='word_1_55' title='bbox 717 1419 937 1524; x_wconf 83' lang='grc' dir='ltr'>σαρκώσεως</span> <span class='ocrx_word' id='word_1_56' title='bbox 950 1430 1014 1502; x_wconf 82' lang='grc' dir='ltr'>τοῦ</span> <span class='ocrx_word' id='word_1_57' title='bbox 1025 1419 1149 1524; x_wconf 87' lang='grc' dir='ltr'>Λόγου</span> <span class='ocrx_word' id='word_1_58' title='bbox 1162 1455 1253 1524; x_wconf 87' lang='grc' dir='ltr'>μαρ-</span> 
     </span>
     <span class='ocr_line' id='line_1_9' title="bbox 203 1547 1254 1652; baseline 0.001 -24"><span class='ocrx_word' id='word_1_59' title='bbox 203 1547 316 1652; x_wconf 79' lang='grc' dir='ltr'>τύρια·</span> <span class='ocrx_word' id='word_1_60' title='bbox 337 1548 438 1628; x_wconf 89' lang='grc' dir='ltr'>ἐστιν</span> <span class='ocrx_word' id='word_1_61' title='bbox 456 1548 496 1628; x_wconf 87' lang='grc' dir='ltr'>δέ</span> <span class='ocrx_word' id='word_1_62' title='bbox 514 1551 572 1628; x_wconf 82' lang='grc' dir='ltr'>καὶ</span> <span class='ocrx_word' id='word_1_63' title='bbox 590 1550 692 1651; x_wconf 83' lang='grc' dir='ltr'>ἕτερα</span> <span class='ocrx_word' id='word_1_64' title='bbox 709 1556 881 1629; x_wconf 85' lang='grc' dir='ltr'>πλεῖστα.</span> <span class='ocrx_word' id='word_1_65' title='bbox 905 1548 1059 1650; x_wconf 85' lang='grc' dir='ltr'>Ἴδιομευ</span> <span class='ocrx_word' id='word_1_66' title='bbox 1077 1548 1194 1629; x_wconf 75' lang='grc' dir='ltr'>δὲκαὶ</span> <span class='ocrx_word' id='word_1_67' title='bbox 1211 1547 1254 1629; x_wconf 84' lang='grc' dir='ltr'>τὸ</span> 
     </span>
     <span class='ocr_line' id='line_1_10' title="bbox 203 1674 1250 1783; baseline 0.001 -30"><span class='ocrx_word' id='word_1_68' title='bbox 203 1676 444 1778; x_wconf 85' lang='grc' dir='ltr'>προκείμενον·</span> <span class='ocrx_word' id='word_1_69' title='bbox 469 1674 559 1756; x_wconf 85' lang='grc' dir='ltr'>Ὅτι</span> <span class='ocrx_word' id='word_1_70' title='bbox 580 1675 702 1773; x_wconf 86' lang='grc' dir='ltr'>ὅντως,</span> <span class='ocrx_word' id='word_1_71' title='bbox 721 1677 928 1783; x_wconf 75' lang='grc' dir='ltr'>ἀδελφοὶ,ῆ</span> <span class='ocrx_word' id='word_1_72' title='bbox 957 1675 1104 1775; x_wconf 82' lang='grc' dir='ltr'>δύναμις</span> <span class='ocrx_word' id='word_1_73' title='bbox 1128 1676 1150 1775; x_wconf 90' lang='grc' dir='ltr'>ῆ</span> <span class='ocrx_word' id='word_1_74' title='bbox 1178 1711 1250 1755; x_wconf 90' lang='grc' dir='ltr'>πα-</span> 
     </span>
     <span class='ocr_line' id='line_1_11' title="bbox 157 1801 1253 1909; baseline 0.001 -27"><span class='ocrx_word' id='word_1_75' title='bbox 157 1835 195 1874; x_wconf 91' lang='lat'>10</span> <span class='ocrx_word' id='word_1_76' title='bbox 203 1809 312 1909; x_wconf 75' lang='grc' dir='ltr'>πρῷα,</span> <span class='ocrx_word' id='word_1_77' title='bbox 332 1802 352 1882; x_wconf 83' lang='grc' dir='ltr'><strong>ὅ</strong></span> <span class='ocrx_word' id='word_1_78' title='bbox 370 1807 471 1884; x_wconf 86' lang='grc' dir='ltr'>ἐστιν</span> <span class='ocrx_word' id='word_1_79' title='bbox 489 1801 619 1906; x_wconf 84' lang='grc' dir='ltr'>Λόγος,</span> <span class='ocrx_word' id='word_1_80' title='bbox 642 1804 701 1882; x_wconf 83' lang='grc' dir='ltr'>ἀπ’</span> <span class='ocrx_word' id='word_1_81' title='bbox 723 1805 873 1906; x_wconf 86' lang='grc' dir='ltr'>ου’ρανοῦ</span> <span class='ocrx_word' id='word_1_82' title='bbox 899 1809 1086 1904; x_wconf 88' lang='grc' dir='ltr'>κατῆλθεν,</span> <span class='ocrx_word' id='word_1_83' title='bbox 1106 1807 1165 1883; x_wconf 84' lang='grc' dir='ltr'>καὶ</span> <span class='ocrx_word' id='word_1_84' title='bbox 1189 1807 1253 1883; x_wconf 84' lang='grc' dir='ltr'>οὐκ</span> 
     </span>
     <span class='ocr_line' id='line_1_12' title="bbox 204 1928 1255 2036; baseline 0.006 -28"><span class='ocrx_word' id='word_1_85' title='bbox 204 1929 309 2014; x_wconf 81' lang='grc' dir='ltr'>αὐτὸς</span> <span class='ocrx_word' id='word_1_86' title='bbox 323 1928 497 2036; x_wconf 84' lang='grc' dir='ltr'>ὁΠαπήρ.</span> <span class='ocrx_word' id='word_1_87' title='bbox 520 1932 628 2033; x_wconf 87' lang='grc' dir='ltr'>Λέγει</span> <span class='ocrx_word' id='word_1_88' title='bbox 642 1930 714 2035; x_wconf 81' lang='grc' dir='ltr'>γὰρ</span> <span class='ocrx_word' id='word_1_89' title='bbox 728 1933 853 2015; x_wconf 85' lang='grc' dir='ltr'>οὕτως·</span> <span class='ocrx_word' id='word_1_90' title='bbox 869 1931 969 2033; x_wconf 83' lang='grc' dir='ltr'>Ἐγέο</span> <span class='ocrx_word' id='word_1_91' title='bbox 981 1934 1018 2010; x_wconf 89' lang='grc' dir='ltr'>ἐκ</span> <span class='ocrx_word' id='word_1_92' title='bbox 1032 1939 1096 2012; x_wconf 82' lang='grc' dir='ltr'>τοῦ</span> <span class='ocrx_word' id='word_1_93' title='bbox 1109 1928 1255 2036; x_wconf 80' lang='grc' dir='ltr'>Πατρός</span> 
     </span>
     <span class='ocr_line' id='line_1_13' title="bbox 204 2056 1249 2165; baseline 0.003 -30"><span class='ocrx_word' id='word_1_94' title='bbox 204 2056 369 2163; x_wconf 79' lang='grc' dir='ltr'>ἐξῆλθον,</span> <span class='ocrx_word' id='word_1_95' title='bbox 382 2061 440 2138; x_wconf 84' lang='grc' dir='ltr'>καὶ</span> <span class='ocrx_word' id='word_1_96' title='bbox 458 2059 545 2159; x_wconf 84' lang='grc' dir='ltr'>ἥκω.</span> <span class='ocrx_word' id='word_1_97' title='bbox 577 2061 629 2139; x_wconf 90' lang='grc' dir='ltr'>Τί</span> <span class='ocrx_word' id='word_1_98' title='bbox 644 2060 687 2139; x_wconf 84' lang='grc' dir='ltr'>δέ</span> <span class='ocrx_word' id='word_1_99' title='bbox 698 2061 799 2138; x_wconf 85' lang='grc' dir='ltr'>ἐστιν</span> <span class='ocrx_word' id='word_1_100' title='bbox 815 2056 868 2156; x_wconf 86' lang='grc' dir='ltr'>τὸ,</span> <span class='ocrx_word' id='word_1_101' title='bbox 881 2059 1038 2164; x_wconf 80' lang='grc' dir='ltr'>ἐξῆλθον</span> <span class='ocrx_word' id='word_1_102' title='bbox 1054 2060 1133 2163; x_wconf 81' lang='lat' dir='ltr'>(for.</span> <span class='ocrx_word' id='word_1_103' title='bbox 1151 2057 1172 2138; x_wconf 80' lang='grc' dir='ltr'><strong><em>ὃ</em></strong></span> <span class='ocrx_word' id='word_1_104' title='bbox 1189 2058 1249 2165; x_wconf 84' lang='grc' dir='ltr'>ἐξ·</span> 
     </span>
     <span class='ocr_line' id='line_1_14' title="bbox 203 2182 1257 2291; baseline -0.001 -27"><span class='ocrx_word' id='word_1_105' title='bbox 203 2188 330 2290; x_wconf 82' lang='grc' dir='ltr'>ἦλθεν)</span> <span class='ocrx_word' id='word_1_106' title='bbox 351 2188 391 2264; x_wconf 90' lang='grc' dir='ltr'>ἐκ</span> <span class='ocrx_word' id='word_1_107' title='bbox 408 2193 472 2266; x_wconf 84' lang='grc' dir='ltr'>τοῦ</span> <span class='ocrx_word' id='word_1_108' title='bbox 490 2184 646 2291; x_wconf 78' lang='grc' dir='ltr'>Πατρός,</span> <span class='ocrx_word' id='word_1_109' title='bbox 665 2187 748 2265; x_wconf 82' lang='grc' dir='ltr'>ἀλλ’</span> <span class='ocrx_word' id='word_1_110' title='bbox 769 2182 792 2286; x_wconf 83' lang='grc' dir='ltr'>ἢ</span> <span class='ocrx_word' id='word_1_111' title='bbox 812 2187 832 2264; x_wconf 90' lang='lat'><em>5</em></span> <span class='ocrx_word' id='word_1_112' title='bbox 851 2184 997 2287; x_wconf 86' lang='grc' dir='ltr'>Λόγος;</span> <span class='ocrx_word' id='word_1_113' title='bbox 1029 2188 1081 2266; x_wconf 88' lang='grc' dir='ltr'>Τί</span> <span class='ocrx_word' id='word_1_114' title='bbox 1096 2182 1135 2265; x_wconf 87' lang='grc' dir='ltr'>δέ</span> <span class='ocrx_word' id='word_1_115' title='bbox 1152 2185 1194 2264; x_wconf 85' lang='grc' dir='ltr'>τὸ</span> <span class='ocrx_word' id='word_1_116' title='bbox 1212 2184 1257 2290; x_wconf 81' lang='grc' dir='ltr'>ἐξ</span> 
     </span>
     <span class='ocr_line' id='line_1_15' title="bbox 205 2311 1253 2416; baseline 0.006 -26"><span class='ocrx_word' id='word_1_117' title='bbox 205 2311 313 2390; x_wconf 80' lang='grc' dir='ltr'>αὑτοῦ</span> <span class='ocrx_word' id='word_1_118' title='bbox 331 2313 510 2414; x_wconf 76' lang='grc' dir='ltr'>γεννηθὲν,</span> <span class='ocrx_word' id='word_1_119' title='bbox 528 2316 612 2393; x_wconf 81' lang='grc' dir='ltr'>ἀλλ’</span> <span class='ocrx_word' id='word_1_120' title='bbox 633 2314 656 2414; x_wconf 82' lang='grc' dir='ltr'>ἢ</span> <span class='ocrx_word' id='word_1_121' title='bbox 677 2320 839 2413; x_wconf 86' lang='grc' dir='ltr'>Πνεῦμα,</span> <span class='ocrx_word' id='word_1_122' title='bbox 860 2313 1046 2394; x_wconf 72' lang='grc' dir='ltr'>τουτέστιν</span> <span class='ocrx_word' id='word_1_123' title='bbox 1065 2317 1085 2393; x_wconf 89' lang='lat'><em>5</em></span> <span class='ocrx_word' id='word_1_124' title='bbox 1104 2313 1223 2416; x_wconf 83' lang='grc' dir='ltr'>Λόγος</span> <span class='ocrx_word' id='word_1_125' title='bbox 1239 2346 1253 2410; x_wconf 81' lang='grc'>;;</span> 
     </span>
     <span class='ocr_line' id='line_1_16' title="bbox 161 2438 1254 2542; baseline -0.002 -22"><span class='ocrx_word' id='word_1_126' title='bbox 161 2481 171 2520; x_wconf 90' lang='grc' dir='ltr'>ι</span> <span class='ocrx_word' id='word_1_127' title='bbox 177 2439 312 2538; x_wconf 57' lang='lat' dir='ltr'>§Arx</span> <span class='ocrx_word' id='word_1_128' title='bbox 333 2441 422 2542; x_wconf 86' lang='grc' dir='ltr'>ε’ρεῖς</span> <span class='ocrx_word' id='word_1_129' title='bbox 447 2473 519 2538; x_wconf 86' lang='grc' dir='ltr'>μοι,</span> <span class='ocrx_word' id='word_1_130' title='bbox 540 2446 627 2525; x_wconf 85' lang='grc' dir='ltr'>Πῶς</span> <span class='ocrx_word' id='word_1_131' title='bbox 653 2440 885 2542; x_wconf 86' lang='grc' dir='ltr'>γεγέννηται;</span> <span class='ocrx_word' id='word_1_132' title='bbox 918 2439 997 2541; x_wconf 85' lang='grc' dir='ltr'>Τὴν</span> <span class='ocrx_word' id='word_1_133' title='bbox 1014 2441 1082 2540; x_wconf 86' lang='grc' dir='ltr'>μέυ</span> <span class='ocrx_word' id='word_1_134' title='bbox 1098 2438 1191 2520; x_wconf 84' lang='grc' dir='ltr'>κατά</span> <span class='ocrx_word' id='word_1_135' title='bbox 1208 2474 1254 2519; x_wconf 86' lang='grc' dir='ltr'>σε</span> 
     </span>
     <span class='ocr_line' id='line_1_17' title="bbox 205 2563 1255 2676; baseline 0.008 -32"><span class='ocrx_word' id='word_1_136' title='bbox 205 2563 382 2667; x_wconf 71' lang='grc' dir='ltr'>διήγησιν,</span> <span class='ocrx_word' id='word_1_137' title='bbox 401 2569 450 2649; x_wconf 83' lang='grc' dir='ltr'>ὡς</span> <span class='ocrx_word' id='word_1_138' title='bbox 472 2565 670 2668; x_wconf 80' lang='grc' dir='ltr'>ἐγέννησαι,</span> <span class='ocrx_word' id='word_1_139' title='bbox 689 2568 731 2646; x_wconf 81' lang='grc' dir='ltr'>οὐ</span> <span class='ocrx_word' id='word_1_140' title='bbox 759 2567 845 2673; x_wconf 84' lang='grc' dir='ltr'>δύνῃ</span> <span class='ocrx_word' id='word_1_141' title='bbox 873 2569 1033 2676; x_wconf 81' lang='grc' dir='ltr'>ἐξειπεῖν,</span> <span class='ocrx_word' id='word_1_142' title='bbox 1052 2569 1166 2649; x_wconf 77' lang='grc' dir='ltr'>καίτοι</span> <span class='ocrx_word' id='word_1_143' title='bbox 1191 2573 1255 2665; x_wconf 90' lang='grc' dir='ltr'>τῆς</span> 
     </span>
     <span class='ocr_line' id='line_1_18' title="bbox 204 2689 1255 2800; baseline 0.004 -30"><span class='ocrx_word' id='word_1_144' title='bbox 204 2689 359 2791; x_wconf 79' lang='grc' dir='ltr'>ἑκάστης</span> <span class='ocrx_word' id='word_1_145' title='bbox 376 2691 509 2795; x_wconf 74' lang='grc' dir='ltr'>ἡμέρας</span> <span class='ocrx_word' id='word_1_146' title='bbox 527 2694 621 2796; x_wconf 82' lang='grc' dir='ltr'>ὁρῶν</span> <span class='ocrx_word' id='word_1_147' title='bbox 639 2691 705 2792; x_wconf 85' lang='grc' dir='ltr'>τῆν</span> <span class='ocrx_word' id='word_1_148' title='bbox 723 2692 815 2773; x_wconf 79' lang='grc' dir='ltr'>κατὰ</span> <span class='ocrx_word' id='word_1_149' title='bbox 833 2695 1023 2800; x_wconf 78' lang='grc' dir='ltr'>ἄνθρωπον</span> <span class='ocrx_word' id='word_1_150' title='bbox 1041 2695 1169 2774; x_wconf 82' lang='grc' dir='ltr'>αὶτέαν·</span> <span class='ocrx_word' id='word_1_151' title='bbox 1196 2699 1255 2774; x_wconf 86' lang='grc' dir='ltr'>καὶ</span> 
     </span>
     <span class='ocr_line' id='line_1_19' title="bbox 205 2817 1255 2930; baseline 0.003 -32"><span class='ocrx_word' id='word_1_152' title='bbox 205 2817 271 2919; x_wconf 79' lang='grc' dir='ltr'>τὴν</span> <span class='ocrx_word' id='word_1_153' title='bbox 287 2821 369 2922; x_wconf 81' lang='grc' dir='ltr'>περὶ</span> <span class='ocrx_word' id='word_1_154' title='bbox 385 2827 514 2899; x_wconf 78' lang='grc' dir='ltr'>τοῦτον</span> <span class='ocrx_word' id='word_1_155' title='bbox 531 2821 732 2919; x_wconf 75' lang='grc' dir='ltr'>οἱκονομέοιυ</span> <span class='ocrx_word' id='word_1_156' title='bbox 750 2823 906 2925; x_wconf 79' lang='grc' dir='ltr'>ἀκριβῶς</span> <span class='ocrx_word' id='word_1_157' title='bbox 923 2823 1072 2930; x_wconf 81' lang='grc' dir='ltr'>ἐξειπεῖν</span> <span class='ocrx_word' id='word_1_158' title='bbox 1091 2824 1132 2902; x_wconf 86' lang='grc' dir='ltr'>οὐ</span> <span class='ocrx_word' id='word_1_159' title='bbox 1150 2821 1255 2902; x_wconf 73' lang='lat' dir='ltr'>‹bivo-</span> 
     </span>
     <span class='ocr_line' id='line_1_20' title="bbox 205 2944 1251 3051; baseline 0.006 -27"><span class='ocrx_word' id='word_1_160' title='bbox 205 2979 282 3025; x_wconf 89' lang='grc' dir='ltr'>σαι.</span> <span class='ocrx_word' id='word_1_161' title='bbox 332 2946 471 3050; x_wconf 78' lang='grc' dir='ltr'>οὐγὰρ</span> <span class='ocrx_word' id='word_1_162' title='bbox 498 2944 673 3051; x_wconf 76' lang='grc' dir='ltr'>πάρεστίν</span> <span class='ocrx_word' id='word_1_163' title='bbox 691 2981 753 3026; x_wconf 88' lang='grc' dir='ltr'>σοι</span> <span class='ocrx_word' id='word_1_164' title='bbox 770 2951 960 3049; x_wconf 79' lang='grc' dir='ltr'>γινώσκειν</span> <span class='ocrx_word' id='word_1_165' title='bbox 977 2949 1043 3050; x_wconf 86' lang='grc' dir='ltr'>τὴν</span> <span class='ocrx_word' id='word_1_166' title='bbox 1061 2959 1125 3029; x_wconf 83' lang='grc' dir='ltr'>τοῦ</span> <span class='ocrx_word' id='word_1_167' title='bbox 1147 2955 1251 3051; x_wconf 87' lang='grc' dir='ltr'>δημι-</span> 
     </span>
    </p>
   </div>
   <div class='ocr_carea' id='block_1_3' title="bbox 206 3155 1254 3294">
    <p class='ocr_par' dir='ltr' id='par_1_3' title="bbox 206 3155 1254 3294">
     <span class='ocr_line' id='line_1_21' title="bbox 206 3155 1254 3294; baseline -0.001 -79"><span class='ocrx_word' id='word_1_168' title='bbox 206 3157 283 3215; x_wconf 85' lang='lat' dir='ltr'>euim</span> <span class='ocrx_word' id='word_1_169' title='bbox 308 3155 440 3215; x_wconf 84' lang='lat' dir='ltr'>Verbum</span> <span class='ocrx_word' id='word_1_170' title='bbox 457 3177 516 3294; x_wconf 57' lang='grc' dir='ltr'>ρετ</span> <span class='ocrx_word' id='word_1_171' title='bbox 540 3176 571 3215; x_wconf 91' lang='lat' dir='ltr'>se</span> <span class='ocrx_word' id='word_1_172' title='bbox 594 3167 624 3214; x_wconf 85' lang='lat' dir='ltr'>et</span> <span class='ocrx_word' id='word_1_173' title='bbox 646 3157 709 3216; x_wconf 82' lang='lat' dir='ltr'>sine</span> <span class='ocrx_word' id='word_1_174' title='bbox 751 3156 845 3216; x_wconf 88' lang='lat' dir='ltr'>virtus</span> <span class='ocrx_word' id='word_1_175' title='bbox 856 3158 962 3228; x_wconf 84' lang='lat' dir='ltr'>Patris,</span> <span class='ocrx_word' id='word_1_176' title='bbox 974 3157 1053 3235; x_wconf 90' lang='lat' dir='ltr'>quod</span> <span class='ocrx_word' id='word_1_177' title='bbox 1065 3167 1110 3216; x_wconf 78' lang='lat' dir='ltr'>est</span> <span class='ocrx_word' id='word_1_178' title='bbox 1122 3156 1254 3216; x_wconf 85' lang='lat' dir='ltr'>Verbum</span> 
     </span>
    </p>
   </div>
   <div class='ocr_carea' id='block_1_4' title="bbox 206 3235 1256 4356">
    <p class='ocr_par' dir='ltr' id='par_1_4' title="bbox 206 3235 1256 3958">
     <span class='ocr_line' id='line_1_22' title="bbox 206 3235 1255 3316; baseline -0.001 -22"><span class='ocrx_word' id='word_1_179' title='bbox 206 3256 291 3295; x_wconf 74' lang='lat' dir='ltr'>carne</span> <span class='ocrx_word' id='word_1_180' title='bbox 301 3235 447 3316; x_wconf 86' lang='lat' dir='ltr'>perfectus</span> <span class='ocrx_word' id='word_1_181' title='bbox 484 3236 551 3295; x_wconf 89' lang='lat' dir='ltr'>ilius</span> <span class='ocrx_word' id='word_1_182' title='bbox 561 3247 632 3306; x_wconf 79' lang='lat' dir='ltr'>erut,</span> <span class='ocrx_word' id='word_1_183' title='bbox 642 3257 708 3295; x_wconf 89' lang='lat' dir='ltr'>oum</span> <span class='ocrx_word' id='word_1_184' title='bbox 751 3237 852 3304; x_wconf 70' lang='lat' dir='ltr'>Deis</span> <span class='ocrx_word' id='word_1_185' title='bbox 873 3237 945 3296; x_wconf 88' lang='lat' dir='ltr'>eoelo</span> <span class='ocrx_word' id='word_1_186' title='bbox 968 3237 1126 3304; x_wconf 85' lang='lat' dir='ltr'>descendit,</span> <span class='ocrx_word' id='word_1_187' title='bbox 1147 3248 1177 3295; x_wconf 87' lang='lat' dir='ltr'>et</span> <span class='ocrx_word' id='word_1_188' title='bbox 1196 3257 1255 3294; x_wconf 83' lang='lat' dir='ltr'>non</span> 
     </span>
     <span class='ocr_line' id='line_1_23' title="bbox 206 3316 1256 3396; baseline 0.001 -22"><span class='ocrx_word' id='word_1_189' title='bbox 206 3326 305 3374; x_wconf 78' lang='lat' dir='ltr'>tumen</span> <span class='ocrx_word' id='word_1_190' title='bbox 332 3328 408 3375; x_wconf 84' lang='lat' dir='ltr'>esset</span> <span class='ocrx_word' id='word_1_191' title='bbox 439 3317 602 3396; x_wconf 83' lang='lat' dir='ltr'>perfectum</span> <span class='ocrx_word' id='word_1_192' title='bbox 633 3316 710 3375; x_wconf 84' lang='lat' dir='ltr'>Ver·</span> <span class='ocrx_word' id='word_1_193' title='bbox 751 3318 812 3394; x_wconf 85' lang='lat' dir='ltr'>ipse</span> <span class='ocrx_word' id='word_1_194' title='bbox 828 3319 925 3384; x_wconf 85' lang='lat' dir='ltr'>Pater,</span> <span class='ocrx_word' id='word_1_195' title='bbox 940 3317 980 3376; x_wconf 90' lang='lat' dir='ltr'>sio</span> <span class='ocrx_word' id='word_1_196' title='bbox 995 3317 1145 3375; x_wconf 80' lang='lat' dir='ltr'>enimait:</span> <span class='ocrx_word' id='word_1_197' title='bbox 1169 3317 1256 3396; x_wconf 80' lang='lat' dir='ltr'>⁸Ego</span> 
     </span>
     <span class='ocr_line' id='line_1_24' title="bbox 206 3395 1255 3475; baseline 0.002 -23"><span class='ocrx_word' id='word_1_198' title='bbox 206 3396 287 3462; x_wconf 87' lang='lat' dir='ltr'>bum,</span> <span class='ocrx_word' id='word_1_199' title='bbox 302 3396 481 3474; x_wconf 83' lang='lat' dir='ltr'>unigenitus.</span> <span class='ocrx_word' id='word_1_200' title='bbox 522 3397 629 3475; x_wconf 85' lang='lat' dir='ltr'>Neque</span> <span class='ocrx_word' id='word_1_201' title='bbox 644 3417 710 3455; x_wconf 82' lang='lat' dir='ltr'>caro</span> <span class='ocrx_word' id='word_1_202' title='bbox 752 3420 786 3456; x_wconf 76' lang='lat' dir='ltr'>er</span> <span class='ocrx_word' id='word_1_203' title='bbox 801 3397 990 3466; x_wconf 78' lang='grc' dir='ltr'>Ραινοιπὶυἰ,</span> <span class='ocrx_word' id='word_1_204' title='bbox 1006 3405 1032 3454; x_wconf 81' lang='lat' dir='ltr'>et</span> <span class='ocrx_word' id='word_1_205' title='bbox 1048 3397 1135 3454; x_wconf 82' lang='lat' dir='ltr'>uenio.</span> <span class='ocrx_word' id='word_1_206' title='bbox 1173 3395 1255 3468; x_wconf 90' lang='lat' dir='ltr'>Quid</span> 
     </span>
     <span class='ocr_line' id='line_1_25' title="bbox 206 3477 1255 3555; baseline 0.002 -23"><span class='ocrx_word' id='word_1_207' title='bbox 206 3495 259 3555; x_wconf 91' lang='lat' dir='ltr'>per</span> <span class='ocrx_word' id='word_1_208' title='bbox 286 3496 318 3536; x_wconf 89' lang='lat' dir='ltr'>se</span> <span class='ocrx_word' id='word_1_209' title='bbox 345 3477 408 3536; x_wconf 88' lang='lat' dir='ltr'>sine</span> <span class='ocrx_word' id='word_1_210' title='bbox 430 3477 531 3536; x_wconf 90' lang='lat' dir='ltr'>Verbo</span> <span class='ocrx_word' id='word_1_211' title='bbox 555 3477 712 3536; x_wconf 78' lang='lat' dir='ltr'>subsistere</span> <span class='ocrx_word' id='word_1_212' title='bbox 753 3489 797 3538; x_wconf 87' lang='lat' dir='ltr'>est</span> <span class='ocrx_word' id='word_1_213' title='bbox 808 3487 904 3536; x_wconf 84' lang='lat' dir='ltr'>autem</span> <span class='ocrx_word' id='word_1_214' title='bbox 915 3477 993 3555; x_wconf 92' lang='lat' dir='ltr'>quod</span> <span class='ocrx_word' id='word_1_215' title='bbox 1004 3497 1040 3534; x_wconf 86' lang='lat' dir='ltr'>ex</span> <span class='ocrx_word' id='word_1_216' title='bbox 1054 3477 1142 3535; x_wconf 80' lang='lat' dir='ltr'>Patre</span> <span class='ocrx_word' id='word_1_217' title='bbox 1154 3477 1255 3544; x_wconf 85' lang='lat' dir='ltr'>exivit,</span> 
     </span>
     <span class='ocr_line' id='line_1_26' title="bbox 206 3555 1256 3634; baseline 0 -21"><span class='ocrx_word' id='word_1_218' title='bbox 206 3565 332 3634; x_wconf 82' lang='lat' dir='ltr'>poterat,</span> <span class='ocrx_word' id='word_1_219' title='bbox 347 3557 416 3634; x_wconf 82' lang='lat' dir='ltr'>quia</span> <span class='ocrx_word' id='word_1_220' title='bbox 431 3558 460 3614; x_wconf 90' lang='lat' dir='ltr'>in</span> <span class='ocrx_word' id='word_1_221' title='bbox 472 3557 574 3616; x_wconf 87' lang='lat' dir='ltr'>Verbo</span> <span class='ocrx_word' id='word_1_222' title='bbox 589 3558 713 3616; x_wconf 83' lang='lat' dir='ltr'>habebat</span> <span class='ocrx_word' id='word_1_223' title='bbox 753 3559 808 3617; x_wconf 88' lang='lat' dir='ltr'>nisi</span> <span class='ocrx_word' id='word_1_224' title='bbox 833 3556 987 3617; x_wconf 84' lang='lat' dir='ltr'>Verbum?</span> <span class='ocrx_word' id='word_1_225' title='bbox 1008 3556 1089 3628; x_wconf 90' lang='lat' dir='ltr'>Quid</span> <span class='ocrx_word' id='word_1_226' title='bbox 1112 3568 1156 3615; x_wconf 88' lang='lat' dir='ltr'>est</span> <span class='ocrx_word' id='word_1_227' title='bbox 1177 3555 1256 3634; x_wconf 88' lang='lat' dir='ltr'>quod</span> 
     </span>
     <span class='ocr_line' id='line_1_27' title="bbox 206 3635 1255 3718; baseline -0.004 -25"><span class='ocrx_word' id='word_1_228' title='bbox 206 3637 255 3706; x_wconf 73' lang='grc' dir='ltr'>τὴν</span> <span class='ocrx_word' id='word_1_229' title='bbox 269 3637 412 3704; x_wconf 76' lang='grc' dir='ltr'>σύστασιν,</span> <span class='ocrx_word' id='word_1_230' title='bbox 435 3637 465 3696; x_wconf 93' lang='lat' dir='ltr'>id</span> <span class='ocrx_word' id='word_1_231' title='bbox 490 3647 544 3707; x_wconf 90' lang='lat' dir='ltr'>est,</span> <span class='ocrx_word' id='word_1_232' title='bbox 566 3637 597 3695; x_wconf 90' lang='lat' dir='ltr'>in</span> <span class='ocrx_word' id='word_1_233' title='bbox 612 3637 712 3696; x_wconf 87' lang='lat' dir='ltr'>Verbo</span> <span class='ocrx_word' id='word_1_234' title='bbox 753 3659 790 3697; x_wconf 88' lang='lat' dir='ltr'>ex</span> <span class='ocrx_word' id='word_1_235' title='bbox 804 3639 868 3718; x_wconf 88' lang='lat' dir='ltr'>ipso</span> <span class='ocrx_word' id='word_1_236' title='bbox 882 3638 1013 3716; x_wconf 84' lang='lat' dir='ltr'>genitum</span> <span class='ocrx_word' id='word_1_237' title='bbox 1031 3649 1075 3696; x_wconf 85' lang='lat' dir='ltr'>est</span> <span class='ocrx_word' id='word_1_238' title='bbox 1089 3637 1145 3695; x_wconf 89' lang='lat' dir='ltr'>nisi</span> <span class='ocrx_word' id='word_1_239' title='bbox 1161 3635 1255 3713; x_wconf 79' lang='lat' dir='ltr'>spiri.</span> 
     </span>
     <span class='ocr_line' id='line_1_28' title="bbox 207 3716 1256 3796; baseline 0 -22"><span class='ocrx_word' id='word_1_240' title='bbox 207 3716 393 3776; x_wconf 78' lang='lat' dir='ltr'>subsistebat.</span> <span class='ocrx_word' id='word_1_241' title='bbox 424 3719 471 3778; x_wconf 83' lang='lat' dir='ltr'>Sic</span> <span class='ocrx_word' id='word_1_242' title='bbox 485 3738 554 3796; x_wconf 81' lang='lat' dir='ltr'>ergo</span> <span class='ocrx_word' id='word_1_243' title='bbox 569 3737 646 3776; x_wconf 87' lang='lat' dir='ltr'>unus</span> <span class='ocrx_word' id='word_1_244' title='bbox 661 3717 712 3775; x_wconf 87' lang='lat' dir='ltr'>Fi·</span> <span class='ocrx_word' id='word_1_245' title='bbox 753 3731 812 3790; x_wconf 86' lang='lat' dir='ltr'>tus,</span> <span class='ocrx_word' id='word_1_246' title='bbox 828 3716 859 3776; x_wconf 89' lang='lat' dir='ltr'>id</span> <span class='ocrx_word' id='word_1_247' title='bbox 873 3729 927 3786; x_wconf 82' lang='lat' dir='ltr'>est,</span> <span class='ocrx_word' id='word_1_248' title='bbox 938 3717 1091 3775; x_wconf 81' lang='lat' dir='ltr'>Verbum?</span> <span class='ocrx_word' id='word_1_249' title='bbox 1113 3717 1162 3775; x_wconf 85' lang='lat' dir='ltr'>sed</span> <span class='ocrx_word' id='word_1_250' title='bbox 1177 3718 1256 3775; x_wconf 86' lang='lat' dir='ltr'>dices</span> 
     </span>
     <span class='ocr_line' id='line_1_29' title="bbox 207 3795 1254 3878; baseline 0 -25"><span class='ocrx_word' id='word_1_251' title='bbox 207 3795 266 3854; x_wconf 90' lang='lat' dir='ltr'>lius</span> <span class='ocrx_word' id='word_1_252' title='bbox 285 3796 343 3856; x_wconf 92' lang='lat' dir='ltr'>Dei</span> <span class='ocrx_word' id='word_1_253' title='bbox 365 3799 522 3878; x_wconf 83' lang='lat' dir='ltr'>perfectus,</span> <span class='ocrx_word' id='word_1_254' title='bbox 544 3798 713 3858; x_wconf 81' lang='lat' dir='ltr'>ruanifests-</span> <span class='ocrx_word' id='word_1_255' title='bbox 754 3800 843 3857; x_wconf 88' lang='lat' dir='ltr'>mihi:</span> <span class='ocrx_word' id='word_1_256' title='bbox 868 3797 1024 3870; x_wconf 89' lang='lat' dir='ltr'>Quomodo</span> <span class='ocrx_word' id='word_1_257' title='bbox 1042 3797 1173 3874; x_wconf 78' lang='lat' dir='ltr'>genitum</span> <span class='ocrx_word' id='word_1_258' title='bbox 1188 3799 1254 3855; x_wconf 88' lang='lat' dir='ltr'>est?</span> 
     </span>
     <span class='ocr_line' id='line_1_30' title="bbox 208 3876 1255 3958; baseline 0 -24"><span class='ocrx_word' id='word_1_259' title='bbox 208 3884 258 3934; x_wconf 84' lang='lat' dir='ltr'>tus</span> <span class='ocrx_word' id='word_1_260' title='bbox 271 3889 325 3935; x_wconf 85' lang='lat' dir='ltr'>est.</span> <span class='ocrx_word' id='word_1_261' title='bbox 754 3878 989 3958; x_wconf 81' lang='lat' dir='ltr'>Explicationem</span> <span class='ocrx_word' id='word_1_262' title='bbox 1002 3876 1149 3954; x_wconf 89' lang='lat' dir='ltr'>quomodo</span> <span class='ocrx_word' id='word_1_263' title='bbox 1160 3888 1192 3934; x_wconf 88' lang='lat' dir='ltr'>tu</span> <span class='ocrx_word' id='word_1_264' title='bbox 1204 3895 1255 3954; x_wconf 80' lang='lat' dir='ltr'>ge·</span> 
     </span>
    </p>

    <p class='ocr_par' dir='ltr' id='par_1_5' title="bbox 208 3955 1256 4356">
     <span class='ocr_line' id='line_1_31' title="bbox 249 3955 1254 4036; baseline 0 -22"><span class='ocrx_word' id='word_1_265' title='bbox 249 3955 339 4016; x_wconf 86' lang='lat' dir='ltr'><strong>xvl.</strong></span> <span class='ocrx_word' id='word_1_266' title='bbox 369 3957 470 4036; x_wconf 85' lang='lat' dir='ltr'>Atque</span> <span class='ocrx_word' id='word_1_267' title='bbox 505 3959 567 4017; x_wconf 84' lang='lat' dir='ltr'>hoec</span> <span class='ocrx_word' id='word_1_268' title='bbox 593 3957 711 4036; x_wconf 85' lang='lat' dir='ltr'>quidem</span> <span class='ocrx_word' id='word_1_269' title='bbox 755 3961 834 4018; x_wconf 91' lang='lat' dir='ltr'>nitus</span> <span class='ocrx_word' id='word_1_270' title='bbox 848 3979 888 4027; x_wconf 87' lang='lat' dir='ltr'>es,</span> <span class='ocrx_word' id='word_1_271' title='bbox 905 3977 963 4015; x_wconf 89' lang='lat' dir='ltr'>uon</span> <span class='ocrx_word' id='word_1_272' title='bbox 978 3971 1060 4036; x_wconf 86' lang='lat' dir='ltr'>potes</span> <span class='ocrx_word' id='word_1_273' title='bbox 1074 3976 1254 4035; x_wconf 83' lang='lat' dir='ltr'>expromere,</span> 
     </span>
     <span class='ocr_line' id='line_1_32' title="bbox 208 4035 1255 4117; baseline 0.001 -25"><span class='ocrx_word' id='word_1_274' title='bbox 208 4047 277 4094; x_wconf 85' lang='lat' dir='ltr'>suut</span> <span class='ocrx_word' id='word_1_275' title='bbox 289 4035 326 4095; x_wconf 83' lang='lat' dir='ltr'>de</span> <span class='ocrx_word' id='word_1_276' title='bbox 339 4039 539 4097; x_wconf 82' lang='lat' dir='ltr'>incarnatione</span> <span class='ocrx_word' id='word_1_277' title='bbox 551 4039 638 4098; x_wconf 79' lang='lat' dir='ltr'>Verbi</span> <span class='ocrx_word' id='word_1_278' title='bbox 653 4049 711 4096; x_wconf 85' lang='lat' dir='ltr'>tes·</span> <span class='ocrx_word' id='word_1_279' title='bbox 754 4039 886 4117; x_wconf 85' lang='lat' dir='ltr'>quamvis</span> <span class='ocrx_word' id='word_1_280' title='bbox 899 4036 1031 4116; x_wconf 84' lang='lat' dir='ltr'>quotidie</span> <span class='ocrx_word' id='word_1_281' title='bbox 1045 4036 1126 4095; x_wconf 86' lang='lat' dir='ltr'>vides</span> <span class='ocrx_word' id='word_1_282' title='bbox 1141 4057 1255 4096; x_wconf 84' lang='lat' dir='ltr'>oausam</span> 
     </span>
     <span class='ocr_line' id='line_1_33' title="bbox 208 4115 1255 4197; baseline 0.002 -25"><span class='ocrx_word' id='word_1_283' title='bbox 208 4115 341 4185; x_wconf 80' lang='lat' dir='ltr'>timonis,</span> <span class='ocrx_word' id='word_1_284' title='bbox 357 4130 387 4177; x_wconf 82' lang='lat' dir='ltr'>et</span> <span class='ocrx_word' id='word_1_285' title='bbox 401 4117 458 4177; x_wconf 81' lang='lat' dir='ltr'>ulia</span> <span class='ocrx_word' id='word_1_286' title='bbox 480 4117 613 4197; x_wconf 85' lang='lat' dir='ltr'>plurima.</span> <span class='ocrx_word' id='word_1_287' title='bbox 656 4118 712 4177; x_wconf 89' lang='lat' dir='ltr'>Vi.</span> <span class='ocrx_word' id='word_1_288' title='bbox 754 4120 919 4186; x_wconf 76' lang='lat' dir='ltr'>humanam,</span> <span class='ocrx_word' id='word_1_289' title='bbox 943 4127 973 4176; x_wconf 87' lang='lat' dir='ltr'>et</span> <span class='ocrx_word' id='word_1_290' title='bbox 994 4115 1112 4174; x_wconf 84' lang='lat' dir='ltr'>modum</span> <span class='ocrx_word' id='word_1_291' title='bbox 1135 4137 1255 4194; x_wconf 82' lang='lat' dir='ltr'>genera·</span> 
     </span>
     <span class='ocr_line' id='line_1_34' title="bbox 209 4193 1256 4278; baseline 0.001 -25"><span class='ocrx_word' id='word_1_292' title='bbox 209 4193 328 4256; x_wconf 81' lang='lat' dir='ltr'>desmus</span> <span class='ocrx_word' id='word_1_293' title='bbox 342 4219 420 4257; x_wconf 86' lang='lat' dir='ltr'>nunc</span> <span class='ocrx_word' id='word_1_294' title='bbox 434 4197 513 4276; x_wconf 86' lang='lat' dir='ltr'>quod</span> <span class='ocrx_word' id='word_1_295' title='bbox 530 4197 712 4278; x_wconf 86' lang='lat' dir='ltr'>propositum</span> <span class='ocrx_word' id='word_1_296' title='bbox 754 4199 842 4258; x_wconf 88' lang='lat' dir='ltr'>tionis</span> <span class='ocrx_word' id='word_1_297' title='bbox 857 4217 914 4256; x_wconf 89' lang='lat' dir='ltr'>uon</span> <span class='ocrx_word' id='word_1_298' title='bbox 930 4207 1013 4276; x_wconf 83' lang='lat' dir='ltr'>potes</span> <span class='ocrx_word' id='word_1_299' title='bbox 1027 4197 1156 4276; x_wconf 85' lang='lat' dir='ltr'>perfecte</span> <span class='ocrx_word' id='word_1_300' title='bbox 1170 4199 1256 4256; x_wconf 77' lang='lat' dir='ltr'>effer·</span> 
     </span>
     <span class='ocr_line' id='line_1_35' title="bbox 209 4275 1255 4356; baseline 0 -23"><span class='ocrx_word' id='word_1_301' title='bbox 209 4275 293 4336; x_wconf 87' lang='lat' dir='ltr'>nobis</span> <span class='ocrx_word' id='word_1_302' title='bbox 314 4288 369 4348; x_wconf 81' lang='lat' dir='ltr'>est,</span> <span class='ocrx_word' id='word_1_303' title='bbox 394 4278 473 4356; x_wconf 86' lang='lat' dir='ltr'>quod</span> <span class='ocrx_word' id='word_1_304' title='bbox 496 4299 572 4347; x_wconf 86' lang='lat' dir='ltr'>vere,</span> <span class='ocrx_word' id='word_1_305' title='bbox 596 4280 711 4346; x_wconf 79' lang='lat' dir='ltr'>fratres,</span> <span class='ocrx_word' id='word_1_306' title='bbox 753 4299 794 4338; x_wconf 85' lang='lat' dir='ltr'>re.</span> <span class='ocrx_word' id='word_1_307' title='bbox 818 4279 888 4336; x_wconf 88' lang='lat' dir='ltr'>Non</span> <span class='ocrx_word' id='word_1_308' title='bbox 900 4276 977 4338; x_wconf 88' lang='lat' dir='ltr'>enim</span> <span class='ocrx_word' id='word_1_309' title='bbox 989 4276 1057 4336; x_wconf 85' lang='lat' dir='ltr'>licet</span> <span class='ocrx_word' id='word_1_310' title='bbox 1068 4277 1122 4336; x_wconf 85' lang='lat' dir='ltr'>tibi</span> <span class='ocrx_word' id='word_1_311' title='bbox 1134 4297 1255 4354; x_wconf 83' lang='lat' dir='ltr'>cognos-</span> 
     </span>
    </p>
   </div>
   <div class='ocr_carea' id='block_1_5' title="bbox 632 4439 830 4584">
    <p class='ocr_par' dir='ltr' id='par_1_6' title="bbox 632 4439 830 4584">
     <span class='ocr_line' id='line_1_36' title="bbox 632 4439 830 4490; baseline -0.005 -2"><span class='ocrx_word' id='word_1_312' title='bbox 632 4449 647 4480; x_wconf 73' lang='grc' dir='ltr'>Ι</span> <span class='ocrx_word' id='word_1_313' title='bbox 658 4439 717 4489; x_wconf 88' lang='lat' dir='ltr'>Job.</span> <span class='ocrx_word' id='word_1_314' title='bbox 728 4441 779 4490; x_wconf 81' lang='lat' dir='ltr'>xvi.</span> <span class='ocrx_word' id='word_1_315' title='bbox 792 4439 830 4488; x_wconf 77' lang='lat'>28.</span> 
     </span>
     <span class='ocr_line' id='line_1_37' title="bbox 729 4545 746 4584; baseline 0.059 -1"><span class='ocrx_word' id='word_1_316' title='bbox 729 4545 746 4584; x_wconf 79' lang='lat' dir='ltr'>b</span> 
     </span>
    </p>
   </div>
   <div class='ocr_carea' id='block_1_6' title="bbox 0 0 1671 5198">
    <p class='ocr_par' dir='ltr' id='par_1_7' title="bbox 0 0 1671 5198">
     <span class='ocr_line' id='line_1_38' title="bbox 0 0 1671 5198; baseline 0 0"><span class='ocrx_word' id='word_1_317' title='bbox 0 0 1671 5198; x_wconf 95' lang='lat' dir='ltr'> </span> 
     </span>
    </p>
   </div>
  </div>
 </body>
</html>
