3316 5198
392 369 436 430 84
761 387 1143 453 Annornmonns

440 535 479 602 Ρ.
493 558 547 624 51.
563 545 585 609 l.
597 548 627 611 6.
643 551 674 615 ot
688 555 915 645 ἀποκρίνονται]
934 558 1117 643 Legendum
1131 556 1257 622 videtur
1272 557 1302 620 ot
1316 557 1365 622 καὶ
1379 558 1454 620 ἀπο-

396 623 560 724 κρίνονται,
577 643 676 718 prout
691 641 790 706 vertit
805 643 989 720 Turrisnus,
1005 653 1034 708 ot
1047 643 1233 728 respondent·

439 705 526 806 Jbrd.
541 716 562 779 l.
575 719 607 782 8.
623 725 651 786 εἰ
665 725 725 808 γάρ
741 731 825 793 ἐστιν
840 732 856 794 ό
873 731 967 815 Θεδς]
983 728 1093 794 Vertit
1104 729 1288 806 Turdetum,
1301 736 1456 813 tunquam

396 815 422 892 sp
437 801 623 900 mvepisset,
640 813 670 874 εἴ
681 837 719 894 γε
735 815 844 880 ἐστὶνὸ
861 817 952 893 Θεδς,
962 815 1047 900 quod
1061 815 1197 880 fortusse
1211 813 1332 892 melius,
1345 822 1378 878 et
1392 814 1456 878 tor-

396 885 461 944 tlufl
483 884 563 954 drsti
631 898 749 964 endum
764 909 813 966 est
828 908 902 986 post
917 905 1008 968 Θεός.
1052 900 1136 966 Nam
1150 921 1191 964 ex
1211 900 1335 966 unitate
1349 900 1456 965 divine

397 966 538 1076 PJObare
546 998 587 1044 vo
598 981 697 1049 ebunt
708 985 859 1064 haeretiei,
872 987 1034 1053 Christum
1045 1009 1114 1051 esse
1126 987 1268 1064 Putrem,
1282 987 1358 1070 quia
1367 987 1456 1051 Deus

399 1058 460 1218 {pte
486 1059 604 1131 demde
621 1067 754 1168 i'utrem
776 1095 905 1158 pessum
927 1095 1004 1152 osse,
1020 1072 1095 1158 quie
1113 1072 1269 1150 Christus,
1286 1073 1340 1157 qui
1356 1073 1457 1136 Peter

538 1172 593 1217 sus
608 1164 660 1221 stt.

421 1165 568 1330 ‘Ibligih
589 1257 639 1324 17.
662 1242 755 1328 Ὁρᾷς
776 1246 838 1318 οὖν,
866 1245 984 1328 φησὶν]
1014 1245 1078 1308 Hie
1104 1245 1199 1322 φησὶν
1222 1250 1256 1308 et
1279 1245 1377 1325 φασὶν
1399 1264 1457 1327 per

400 1337 484 1382 noes
507 1336 714 1412 usurpantur,
730 1331 995 1416 quemadmodum
1017 1331 1114 1396 verbe
1135 1331 1236 1415 inquit
1257 1337 1291 1394 et
1313 1331 1457 1415 inquimst

401 1405 487 1488 apud
504 1409 693 1479 Arnobium.

447 1491 485 1555 P·
501 1513 557 1580 52.
572 1499 593 1563 1.
609 1502 639 1564 6.
657 1504 696 1566 σὺ
717 1507 775 1585 γὰρ
796 1503 868 1582 ἧςδ
894 1503 990 1591 Θεὸς]
1013 1502 1089 1567 For.
1111 1501 1311 1566 seribendum
1332 1501 1373 1568 εἴς
1394 1523 1453 1586 pro

403 1581 446 1660 ἦς.
493 1581 532 1646 In
547 1585 722 1651 Bibliorum
736 1589 888 1674 exemplis
902 1596 994 1653 extet
1010 1588 1044 1652 εἴ.

449 1665 533 1734 Ibid.
551 1671 570 1734 l.
588 1694 619 1757 9.
634 1676 739 1738 τούτου
762 1677 914 1756 ἐμφανοῦς
936 1673 1134 1755 δεικνυμένου,
1155 1679 1214 1737 τῶν
1236 1675 1328 1739 οὕτως
1347 1697 1456 1754 μαρτν-

403 1754 571 1841 ρουμένον]
604 1759 709 1823 Loeus
737 1767 906 1845 eorruptus
936 1782 1003 1824 esse
1031 1760 1166 1834 videtur,
1197 1765 1331 1842 etpost
1360 1758 1457 1822 inter·

404 1848 537 1994 pgtem
569 1845 777 1931 retingendum
809 1849 913 1912 τούτου
943 1849 1082 1928 ἐμφανῶς
1114 1843 1313 1924 δεικνυμένου,
1344 1846 1457 1908 τούτων

459 1955 497 1998 ος
511 1957 541 2009 μ.

450 2015 487 2078 P.
503 2035 558 2102 53.
580 2017 602 2079 l.
626 2037 650 2079 1.
676 2017 849 2104 μονόκαλα]
878 2019 1049 2082 Μονόκωλα
1074 2023 1209 2101 apparet
1232 2013 1458 2080 adverbialiter

405 2102 480 2187 poni
495 2123 554 2187 pro
567 2106 745 2182 μονοκόλως
765 2111 798 2168 et
812 2106 993 2183 μονοτόκοις,
1010 2103 1124 2188 quibus
1139 2103 1242 2166 verbis
1258 2101 1286 2164 Ε
1309 2100 1457 2185 iphenius

405 2211 437 2273 p.
453 2189 527 2268 481.
553 2188 720 2273 Hippolyti
743 2189 884 2275 vestigiis
905 2189 1054 2254 insistens
1076 2188 1189 2252 utitur.
1236 2193 1402 2252 Βουλονται
1423 2190 1456 2251 u

405 2278 572 2355 διηγεῖσθαι
585 2275 764 2353 μονοκιόλως
778 2281 882 2340 τοῦτον
896 2276 949 2340 τὸν
964 2277 1075 2357 τρόπον
1091 2276 1129 2341 ὣς
1144 2275 1304 2338 Θεόδοτος.
1338 2272 1457 2336 Sensus

407 2365 466 2435 est,
492 2358 668 2423 Noetienos
696 2360 739 2423 ed
768 2382 866 2424 unum
895 2361 1118 2425 tantummodo
1147 2359 1180 2422 in
1205 2357 1400 2443 explieundis
1422 2358 1457 2422 S.

407 2444 580 2529 Seripturae
610 2445 650 2508 de
680 2445 808 2510 Christo
837 2445 932 2510 dietis
957 2446 1054 2512 veluti
1084 2447 1260 2510 membmm
1289 2444 1456 2594 respieere

405 2529 544 2594 divirmm
559 2529 678 2594 seilicet
692 2532 914 2608 uetursm‚⁴1tu
929 2539 965 2598 ut
980 2532 1073 2616 plane
1088 2553 1159 2597 eum
1172 2532 1271 2596 Patre
1286 2537 1320 2595 et
1381 2529 1458 2596 iritu

408 2615 442 2679 S.
457 2616 592 2680 eundem
613 2615 733 2681 fuciunt
756 2617 874 2681 Filium
895 2620 1114 2685 δτοστακικῶςι
1139 2617 1187 2681 uti
1203 2615 1338 2680 vicissim
1354 2551 1457 2680 ibeo·

408 2701 504 2765 dotus
533 2702 574 2765 ad
603 2701 741 2766 alterum
764 2724 929 2767 recurrens
954 2711 1132 2767 extremum
1162 2702 1288 2766 insola
1313 2701 1457 2766 haerebut

408 2787 617 2864 humanitate,
634 2795 667 2851 et
683 2787 845 2853 Christum
867 2790 986 2852 nudum
1004 2810 1073 2853 esse
1090 2789 1250 2852 hominem
1264 2787 1456 2854 affirmabat.

408 2872 459 2936 De
474 2872 640 2938 'l'heodoto
654 2881 773 2957 praeter
786 2875 866 2940 elios
888 2874 1031 2938 meminit
1045 2875 1143 2939 etism
1159 2872 1345 2938 Timotheus
1366 2894 1455 2957 pres-

409 2958 502 3042 byter
520 2981 541 3021 u
561 2957 718 3024 cotelerio
740 2961 845 3025 editus
861 2960 924 3023 III.
941 2983 971 3070 p.
987 2961 1060 3045 389.
1105 2966 1221 3025 Τοῦτον
1235 2960 1288 3022 τδν
1304 2960 1457 3022 Θεόδοτόν

409 3051 504 3125 φασιν
518 3047 570 3122 τῆς
590 3050 643 3107 τοῦ
664 3046 870 3124 Σαμωσατέως
885 3048 1028 3129 αἶρεσεως
1045 3046 1179 3129 ἀρχηγὸν
1195 3045 1243 3109 καὶ
1257 3043 1372 3123 πατέρα
1385 3067 1455 3126 γεν-

409 3129 506 3202 έσθαι,
523 3135 640 3210 πρῶτον
656 3133 777 3196 εἰπόντα
792 3132 845 3196 τδν
858 3132 990 3214 Χριστὸν
1003 3133 1102 3214 φιλδν
1116 3133 1282 3212 ἄνθρωπον.
1311 3129 1457 3213 Denique

408 3215 648 3292 observandum,
675 3218 761 3301 quod
786 3222 826 3301 τῷ
854 3219 1041 3297 μονοκόλως,
1069 3217 1152 3281 infre
1175 3238 1202 3279 ο.
1228 3237 1258 3295 4.
1286 3215 1458 3300 opponitur

408 3300 587 3382 ὁλοκλήρως.
612 3301 641 3364 F
643 3325 712 3365 nnn.

453 3386 534 3450 Ibid.
551 3387 572 3449 l.
590 3405 618 3449 2.
636 3389 793 3469 ἄνθρωπον
808 3389 954 3471 σννιστᾷν
965 3388 1061 3469 ψιλδν
1075 3387 1276 3470 βουλόμενος]
1293 3386 1346 3452 Its
1360 3385 1458 3450 vertit

409 3471 592 3550 Turriunus‚
608 3493 646 3536 uo
661 3473 687 3537 ei
705 3473 759 3536 τδν
773 3473 906 3553 Χριστόν
920 3480 996 3538 unte
1018 3475 1175 3555 ἄνθρωπον
1196 3479 1255 3536 eut
1276 3472 1456 3548 invenisset,

408 3565 467 3622 aut
483 3565 569 3621 eerte
584 3558 751 3643 legendum
766 3559 989 3622 existimasset.

453 3642 636 3707 Ibid.l.10.
659 3645 741 3707 ἀλλο
762 3644 800 3708 δν
824 3645 870 3708 καὶ
897 3647 1013 3721 Νόητος
1037 3642 1116 3730 νοεῖ]
1144 3644 1297 3708 Fortasse
1320 3641 1458 3707 seriben-

409 3727 580 3806 1111111,ἀλλ’
597 3730 728 3808 ἀνοήτως
749 3731 797 3793 καὶ
819 3732 937 3809 Νόητος
958 3735 1030 3806 νοεῖ,
1046 3737 1083 3794 ut
1104 3731 1163 3796 fiat
1182 3729 1405 3814 paronomasia
1425 3726 1459 3792 in

409 3815 536 3878 nomine
562 3813 668 3890 Noe'ti,
695 3836 758 3898 qun
781 3837 865 3901 saepe
888 3837 963 3878 usus
988 3822 1039 3880 est
1062 3815 1260 3902 Epiphanius
1281 3815 1313 3878 in
1335 3813 1459 3879 Hercei

409 3900 471 3963 lvii.
488 3921 558 3986 qum
573 3907 622 3964 est
638 3900 878 3978 No'e'tienorum,
896 3901 1106 3986 Hippolytum
1124 3909 1260 3966 secutus.
1306 3901 1409 3964 Porro
1424 3905 1458 3964 et

408 3985 504 4068 paulo
521 3984 603 4048 infre
626 3987 679 4066 τὴν
701 3985 876 4068 ἀφροσύνην
899 3986 1005 4051 Nesto
1023 3987 1154 4052 eseribit
1178 3986 1373 4071 Hippolytus
1395 3985 1458 4048 fine

409 4091 480 4180 esp.
498 4072 668 4153 sequentis.
700 4070 818 4138 Itidem
832 4072 880 4136 uit
894 4072 927 4136 in
941 4095 1010 4158 esp.
1028 4073 1057 4136 8.
1071 4077 1113 4138 Τί
1125 4073 1179 4138 οὖν
1193 4073 1267 4154 πρὸς
1282 4079 1375 4138 τοῦτο
1385 4079 1455 4134 roh·

409 4177 499 4234 μησει
514 4157 639 4234 Νόητος,
655 4157 695 4236 μὴ
710 4164 787 4222 νοῶν
801 4159 855 4237 τὴν
870 4160 1032 4238 theostum

455 4239 535 4303 Ibid.
551 4239 571 4303 l.
589 4261 635 4326 13.
652 4241 720 4306 ἀλλ’
736 4244 771 4307 οὗ
791 4243 846 4322 τὴν
860 4245 1031 4323 οἰκονομίαν
1052 4243 1222 4330 ἀναιρήσει]
1240 4244 1404 4328 Frequens
1425 4241 1459 4305 in
