3314 5190
463 490 527 552 DE
552 489 677 554 ZELO
701 491 766 554 ΕΤ
791 491 979 556 LlVORE.
1180 493 1242 556 321

196 661 296 732 Mala
317 672 449 733 caetera
469 662 604 735 habeut
627 667 843 750 terminum3
870 673 907 736 et
928 665 1165 759 quodcunque
1186 669 1247 739 de·

193 775 375 868 linquitur,
402 777 524 850 delicti
555 783 861 851 consummatione
890 782 1022 851 linitur.
1074 781 1117 851 Iu
1147 781 1246 852 adul-

193 901 271 963 toro
288 903 403 965 cessat
419 895 556 968 facinus
577 905 781 990 perpetrato
798 906 930 990 stupro,
951 899 987 968 in
1009 897 1146 967 latrone
1163 918 1247 966 cou-

193 1011 343 1102 quiescit
369 1011 484 1083 scelus
506 1013 699 1084 homicidio
722 1014 885 1095 admisso,
907 1021 944 1084 et
967 1014 1125 1106 praedoni
1147 1035 1246 1106 rapa-

166 1127 340 1212 scitatem
366 1129 493 1199 statuit
517 1131 639 1222 praeda
668 1151 836 1223 possessa,
862 1139 899 1200 et
930 1129 1070 1200 falsario
1099 1131 1245 1200 modum

193 1245 294 1336 ponit
317 1243 465 1336 impleta
486 1245 634 1318 fallacia.
686 1243 796 1318 Zelus
818 1247 1009 1316 terminum
1031 1267 1103 1316 non
1126 1245 1246 1329 habet,

195 1381 403 1448 permanens
425 1361 563 1454 jugiter
591 1362 726 1433 malum
756 1370 794 1433 et
823 1362 899 1432 siue
935 1362 1006 1432 fine
1036 1369 1246 1454 peccatum

193 1481 396 1566 quantoque
423 1477 484 1548 ille
511 1480 570 1549 cui
597 1479 777 1549 invidetur
805 1499 969 1550 successu
999 1478 1145 1550 meliore
1167 1498 1246 1572 pro-

194 1591 327 1674 fecerit,
352 1600 453 1662 tanto
474 1595 614 1666 invidus
635 1597 673 1665 in
694 1597 807 1688 majus
828 1594 1032 1666 incendium
1055 1595 1175 1666 livoris
1194 1597 1246 1688 ig-

151 1743 183 1778 10
195 1709 297 1777 uibus
314 1709 513 1780 inardescit.
550 1710 647 1782 Hinc
661 1710 780 1783 vultus
793 1712 924 1794 minax,
938 1720 1060 1782 torvus
1072 1720 1245 1804 aspectus,

193 1822 306 1915 pallor
328 1826 364 1894 in
387 1825 487 1910 facie,
505 1829 542 1896 in
566 1827 667 1898 labiis
688 1836 829 1911 tremor,
856 1827 985 1898 stridor
1006 1829 1043 1896 in
1070 1827 1245 1910 dentibus,

194 1940 300 2012 verba
329 1942 460 2026 rabida,
491 1941 673 2014 effraenata
705 1945 874 2026 convicia,
903 1965 1030 2016 manus
1063 1946 1108 2014 ad
1142 1946 1246 2016 caedis

194 2056 397 2127 violentiam
419 2068 592 2150 prompta,
616 2060 754 2130 etiamsi
778 2059 938 2152 agladio
959 2061 1100 2130 interim
1125 2081 1244 2141 vacua,

193 2171 274 2241 odio
313 2180 434 2243 tamen
471 2173 611 2245 furiatae
650 2175 780 2245 mentis
817 2185 963 2247 armata
1028 2177 1077 2247 Et
1114 2176 1245 2247 idcirco

150 2323 181 2377 ¹5
194 2287 346 2380 Spiritus
373 2287 526 2360 Sanctus
551 2291 639 2360 dicit
662 2291 698 2360 in
722 2289 892 2364 Psalmis:
919 2292 1004 2364 Noli
1028 2292 1141 2365 zelare
1165 2291 1410 2364 bancrntmn.

192 2403 418 2477 ambulantem
442 2407 480 2476 in
501 2406 558 2477 cia
580 2429 653 2478 sua.
704 2408 752 2478 Et
773 2410 925 2494 iterum3
952 2408 1149 2482 Ona-natu
1167 2433 1246 2504 pec-

192 2531 287 2594 cator
299 2522 446 2615 justum,
469 2531 501 2594 ei
523 2522 681 2596 stridebit
697 2525 745 2596 ad
760 2549 836 2598 cum
853 2526 1009 2598 dantibus
1025 2528 1109 2599 suis.
1149 2525 1245 2598 Dum

192 2649 303 2710 autam
341 2635 501 2711 irridebit
530 2663 618 2723 eum,
649 2642 811 2734 quoniam
839 2642 997 2736 procidet
1024 2644 1107 2738 quia
1136 2642 1246 2714 vertici

191 2755 265 2827 dius
295 2755 376 2847 ejus.
439 2755 518 2826 Hos
547 2756 674 2827 beatus
703 2757 884 2851 apostolus
915 2760 1047 2830 Paulus
1082 2761 1244 2853 designat

146 2879 229 2941 aoet
263 2873 411 2942 denotat
446 2871 588 2942 dicens:
648 2870 819 2944 Venenum
852 2874 1011 2968 aspidum
1046 2875 1108 2946 sub
1142 2875 1368 2946 iubilationis·

192 3010 319 3069 aarum,
343 2996 375 3058 et
397 3009 435 3058 os
458 3009 576 3056 eorum
599 2985 836 3060 maledictione
861 2999 892 3060 et
917 2990 1151 3062 amaritudine
1170 2989 1245 3086 ple·

193 3127 274 3174 num
300 3112 359 3174 ast.
420 3099 554 3173 Velamen
579 3099 627 3172 ad
650 3100 891 3198 effundendum
916 3107 1118 3202 sanquinem
1139 3106 1244 3202 pedm

192 3243 320 3303 eornm,
337 3219 500 3291 contritio
523 3227 555 3290 at
580 3216 758 3291 calamitas
775 3221 814 3290 in
836 3220 903 3291 niis
928 3245 1045 3293 aarum
1069 3224 1131 3317 qai
1152 3223 1243 3294 uiam

189 3337 287 3430 pacis
310 3361 379 3408 nan
405 3344 624 3434 aynoamnnt,
650 3359 711 3406 nac
738 3343 786 3406 nt
813 3337 918 3408 timor
939 3335 1012 3408 Dei
1031 3345 1110 3410 ante
1130 3337 1245 3412 oculos

146 3476 320 3542 25aorum.
373 3452 497 3524 Multo
526 3452 661 3524 malum
690 3450 804 3524 levius
833 3463 872 3524 et
901 3452 1098 3546 periculum
1127 3456 1244 3527 miuus

192 3579 247 3642 est
274 3587 357 3642 cum
384 3571 546 3642 membra
574 3568 693 3664 gladio
716 3567 956 3640 vulnerantur.
1008 3569 1135 3642 Facilis
1160 3593 1245 3641 cura

192 3694 246 3758 est
275 3687 338 3758 ubi
366 3685 472 3781 plaga
500 3687 685 3780 pampinus
714 3695 779 3770 est,
810 3695 848 3757 et
877 3687 950 3757 cito
980 3685 1025 3756 ad
1055 3687 1243 3756 sanitatem

191 3802 331 3875 medela
353 3805 586 3876 subveniente
613 3805 820 3896 perducitur
840 3805 936 3896 quod
963 3805 1112 3875 videtur.
1163 3801 1243 3874 Zell

192 3919 338 3992 minem
372 3920 534 3992 abstrusa
563 3929 646 3991 sunt
681 3928 719 3991 et
750 3919 911 4004 occulta;
946 3943 1012 3991 neo
1047 3919 1243 3990 remedium

143 4059 287 4124 gocurae
312 4036 489 4108 medentis
514 4036 710 4107 admittunt
734 4059 815 4128 quae
843 4059 881 4107 se
905 4037 999 4106 intra
1021 4036 1244 4106 conscientie

192 4150 346 4224 latebras
382 4173 481 4221 coeco
516 4148 639 4221 dolore
677 4149 890 4222 clauserunt.
955 4151 1169 4243 Quicunque
1206 4171 1245 4221 es

192 4269 331 4340 invidus
352 4275 390 4338 et
410 4265 598 4361 malignus,
617 4267 746 4338 videris
766 4289 873 4359 quam
894 4270 941 4338 sis
961 4268 1012 4338 eis
1034 4289 1122 4359 quos
1139 4267 1244 4340 odisti

192 4384 387 4465 insidiosus,
405 4383 632 4475 pemiaiosus,
649 4383 809 4455 infestus.
847 4381 993 4456 Nullius
1009 4385 1121 4480 magis
1138 4407 1244 4478 quam

694 4511 749 4569 ‘rt
