3326 5200
401 391 467 458 wll
758 389 1137 458 ANNOTATIONES

401 563 566 650 apostolus
596 561 715 628 Paulus
750 561 876 627 litteras
912 561 1054 626 dederat.
1122 559 1283 625 Mirumne
1311 559 1446 639 videtur,

402 649 553 735 epistolas
567 649 646 714 istas
661 648 813 713 Paulines
834 648 876 712 ab
898 646 1036 712 eoolesiis
1057 645 1091 710 in
1111 645 1162 710 his
1182 645 1315 710 urbibus
1331 645 1449 734 eonsti-=

401 736 483 800 tutis
505 756 607 800 annos
630 734 756 800 oiroiter
781 741 909 798 eentum
931 738 965 797 et
990 731 1221 818 quinquaginta
1244 739 1449 797 oonsarvatas

402 825 492 886 esset
529 821 629 906 quue
657 841 769 886 revera
791 817 970 905 eontigisse,
1000 823 1051 882 est
1079 825 1117 882 ut
1144 817 1260 882 testari
1285 817 1361 882 velit
1385 817 1447 882 hoo

401 907 472 971 loeo
487 906 710 972 Tertullianus.
755 905 902 984 atvero,
926 905 1011 990 quod
1032 903 1279 968 oblivisoendum
1300 924 1363 968 non
1384 910 1445 983 est,

401 993 513 1058 volunt
526 993 584 1057 viri
606 992 780 1057 doetissimi
802 990 965 1076 oppositas
983 989 1080 1053 fuisse
1098 990 1160 1054 hoo
1176 990 1246 1054 looo
1259 987 1448 1054 autentas

402 1078 528 1156 litterae,
559 1101 623 1142 non
658 1077 850 1164 apographis
880 1076 1010 1153 Graeeis,
1041 1077 1097 1139 sed
1130 1074 1448 1162 interpretationibus

401 1165 573 1228 earundem
600 1163 733 1228 Latinis.
778 1163 830 1228 Sia
856 1162 939 1226 enim
962 1162 1009 1226 ait
1033 1160 1201 1247 Rignltius,
1227 1161 1290 1225 diei
1311 1160 1344 1224 in
1364 1159 1446 1226 libro

402 1248 589 1314 Tertulliani
603 1251 653 1314 De
666 1249 868 1334 Mmapamie
883 1270 953 1333 oap.
971 1265 1018 1310 ιι.
1034 1256 1145 1312 extare
1159 1248 1192 1311 in
1204 1249 1309 1311 &seeo
1322 1245 1446 1310 aalma

401 1336 459 1398 tieo
473 1335 729 1419 interpretationi
748 1334 872 1398 Latinae
898 1333 1045 1418 opposito
1068 1333 1173 1398 loonm
1192 1333 1351 1418 quendam
1369 1353 1446 1418 apo-

401 1420 485 1485 stoli.
508 1420 719 1484 Nihilominus
729 1421 797 1485 haeo
808 1420 871 1484 duo
886 1419 978 1482 simul
990 1428 1137 1483 oonstare
1152 1439 1245 1504 posse
1256 1417 1443 1492 existimem,

401 1514 439 1570 ut
447 1513 648 1592 opponantur
658 1527 730 1570 oum
740 1506 920 1570 authentiam
930 1505 1047 1583 liuere,
1058 1527 1113 1569 seu
1125 1504 1276 1591 epistolae,
1287 1505 1445 1589 quomodo

400 1592 486 1677 loqui
512 1592 615 1658 solent
636 1591 851 1678 jurisoonsulti
871 1596 1002 1668 veteres,
1025 1590 1217 1677 apographis
1238 1611 1359 1665 earum,
1374 1596 1444 1653 tum

400 1699 475 1742 vero
492 1679 620 1744 Gemens
633 1679 820 1743 authentiam
832 1676 1089 1761 interpretationi
1106 1676 1238 1741 Latinae.
1274 1675 1355 1740 Haeo
1369 1675 1444 1740 olim

399 1764 609 1912 probabiliter
630 1764 797 1850 disputavi.
843 1762 965 1827 Verum
979 1771 1088 1826 tamen
1103 1763 1163 1826 hoo
1177 1769 1304 1826 tantum
1320 1761 1452 1826 Tertul-·

411 1850 475 1916 iani
498 1851 602 1915 verbis
623 1871 695 1915 mee
716 1851 843 1935 quidem
866 1849 1026 1913 sententia
1047 1848 1217 1932 significari
1237 1853 1363 1933 potest;
1387 1847 1443 1912 ad·

400 1937 520 2000 eundus
545 1959 614 2001 esse
636 1935 820 2020 originalem
840 1935 936 1999 fidem
958 1934 1173 2018 quaerentibus
1195 1933 1343 1998 eeolesias
1367 1954 1443 2018 apo

400 2021 528 2086 stolioas
547 2023 589 2086 ob
609 2045 680 2088 eam
702 2043 840 2100 oausam,
856 2027 893 2084 ut
910 2019 1109 2106 investigent,
1125 2020 1202 2105 quid
1223 2021 1300 2105 ipsae
1322 2019 1441 2094 dioant,

400 2108 475 2192 quid
501 2109 658 2185 dooeant;
697 2107 730 2171 in
755 2109 869 2192 quibus
895 2106 1022 2190 quidem
1048 2106 1195 2183 eeclesiis,
1223 2105 1343 2170 seilicet
1366 2127 1442 2191 apo

399 2192 527 2272 stoliois,
550 2195 654 2259 adhue
683 2202 792 2258 manet
817 2191 992 2279 apostoliea
1017 2191 1181 2269 sueeessio,
1207 2212 1246 2256 ao
1267 2191 1443 2257 recitantur

398 2277 515 2343 litteren
537 2301 595 2364 pro
617 2280 673 2343 riae
691 2279 917 2365 apostolorum,
933 2277 1070 2341 indolem
1084 2297 1192 2342 veram
1206 2277 1346 2362 ipsorum
1360 2278 1440 2342 reie-

398 2371 516 2428 rantes.
548 2301 659 2430 Habet
674 2365 818 2430 (llemens
834 2363 1070 2429 Alexandrinus
1084 2363 1117 2428 in
1129 2365 1279 2428 samma
1290 2362 1444 2426 Ill.—

399 2450 622 2517 ἐπακούσαντας
636 2455 687 2530 rip
703 2454 811 2532 Κυρίου
833 2454 944 2532 φωνῆς,
961 2453 1020 2515 εἴτε
1042 2455 1094 2530 τῆς
1115 2451 1296 2528 attaminatio,
1312 2451 1372 2513 εἴτε
1394 2449 1443 2512 καὶ

398 2538 449 2613 τῆς
469 2538 517 2599 aa
537 2543 597 2600 τῶν
612 2538 790 2600 ἀποστόλων
811 2535 1192 2617 tempatione-enauit&
1213 2557 1280 2599 eoos
1302 2535 1441 2613 Domini,

398 2620 447 2683 vel
471 2620 541 2705 ipsa
566 2643 623 2706 per
649 2643 692 2698 se,
718 2622 765 2685 eet
788 2622 881 2686 etiem
903 2642 973 2707 quae
999 2619 1182 2707 operabatur
1204 2641 1265 2707 per
1289 2621 1441 2706 apostoles.

397 2727 467 2790 oap.
484 2709 515 2769 6.
530 2729 560 2792 p.
577 2710 650 2789 764.
667 2708 719 2772 ed.
736 2707 872 2772 Potteri.

440 2792 477 2855 P.
494 2813 563 2878 151.
579 2793 601 2856 l.
619 2811 669 2858 aa.
690 2800 841 2859 sonantes
862 2794 985 2876 vooem]
1010 2794 1151 2858 Irenaeus
1171 2792 1226 2857 lib.
1242 2790 1305 2856 III.
1322 2813 1391 2876 oap.
1408 2811 1439 2876 3.

395 2878 449 2942 ubi
473 2878 513 2942 de
535 2879 707 2957 Clemente,
733 2880 809 2942 Cum
833 2879 935 2943 adhue
957 2879 1157 2943 insonantem
1181 2877 1441 2964 praedieationem

394 2964 593 3049 apostobrum
606 2975 635 3030 et
648 2965 842 3030 traditionem
855 2974 925 3029 mue
939 2965 1037 3029 oeube
1051 2961 1180 3029 lateret

438 3050 519 3114 lbid.
536 3051 556 3115 l.
573 3069 624 3134 27.
650 3051 734 3116 unde
759 3051 850 3116 nobis
876 3071 1001 3136 quoque
1026 3049 1206 3115 authoritas
1230 3056 1349 3135 praesto
1372 3049 1437 3134 est]

395 3135 447 3200 Sia
461 3135 515 3200 lib.
532 3137 592 3201 lv.
608 3139 651 3202 ad
674 3138 871 3202 Maroionem
892 3159 925 3222 p.
946 3155 1020 3221 505.
1046 3139 1128 3222 (eap.
1153 3137 1203 3222 5.)
1241 3135 1326 3215 Quid
1346 3135 1440 3199 etiam

392 3223 526 3286 Remeat
540 3223 577 3287 de
585 3225 727 3309 prosim
738 3233 847 3287 sonent.
864 3223 995 3285 limam.
1032 3223 1134 3287 Totus
1148 3223 1235 3287 loeus
1250 3221 1364 3306 dignus
1378 3227 1437 3299 est,

393 3314 430 3371 ut
451 3331 523 3372 oum
546 3309 596 3373 his
617 3310 817 3374 eonferatur:
850 3308 1014 3373 Videamus
1037 3309 1118 3394 quod
1142 3308 1190 3372 lae
1213 3329 1236 3372 a
1257 3306 1360 3371 Paul)
1384 3307 1438 3370 Oo-

392 3393 503 3457 aiutluii
520 3394 685 3470 tamarim,
701 3395 746 3458 aa
764 3415 857 3479 quem
878 3395 1015 3480 rapulam
1040 3395 1162 3459 Galate
1185 3395 1247 3458 sint
1267 3393 1436 3468 merrom,

391 3479 470 3564 quid
503 3479 602 3566 leymet
631 3480 852 3566 Philippense,
886 3480 1162 3558 Ttemuleaieenses,
1191 3479 1328 3564 thalami,
1360 3479 1440 3564 quid

391 3565 483 3630 aima
511 3567 645 3631 hmani
672 3567 710 3630 de
731 3568 874 3652 proeimo
901 3577 1023 3639 aeneam·
1057 3563 1165 3651 quibus
1192 3565 1381 3650 eeaapelium
1408 3575 1437 3630 et

390 3653 504 3716 Petma
517 3662 546 3716 et
559 3652 682 3716 Paulus
701 3653 848 3737 sanquine
868 3673 982 3738 queque
1002 3673 1055 3717 sue
1070 3653 1223 3738 aquatum
1236 3651 1433 3736 reliquamve.

388 3737 544 3802 Habemus
568 3747 596 3802 et
616 3739 749 3803 Jounnis
772 3739 913 3802 almanus
935 3739 1080 3802 eeclesiae.
1123 3739 1212 3802 Nam
1237 3737 1291 3801 etei
1313 3739 1435 3822 Apoea-

388 3823 490 3909 lypsin
517 3823 581 3907 mm
608 3823 754 3888 Marcion
781 3825 906 3910 respuit,
931 3825 1004 3889 orde
1031 3834 1132 3889 tamea
1159 3824 1363 3908 episeoperum
1390 3821 1437 3886 ed

388 3911 534 3994 originem
562 3931 706 4011 remmus,
735 3911 770 3973 iu
797 3911 948 3974 Jouuaem
976 3909 1067 3975 stabit
1097 3920 1258 3975 naaman.
1322 3909 1378 3972 se
1405 3917 1434 3972 et

387 4006 555 4146 mlllillll.l
565 4007 1091 4168 gffliioihihiwolblbhatur]
1110 4081 1246 4158 Seilioet,
1263 4079 1431 4165 Baptistae,

387 4191 425 4232 ea
447 4175 492 4230 rte
506 4168 654 4232 abscisso.
679 4168 814 4232 Semnan

425 4190 511 4316 ibid.
527 4253 549 4316 l.
566 4252 685 4339 penult.
702 4262 910 4354 posteaquam
932 4254 964 4318 in
986 4254 1090 4319 oleum
1112 4254 1239 4338 igneum
1259 4251 1431 4328 demersus,

386 4337 464 4404 nihil
490 4360 602 4426 passus
623 4341 687 4424 est]
716 4339 790 4404 Hoe
813 4363 840 4405 ιι
865 4361 976 4406 revera
1000 4339 1149 4418 evenerit,
1176 4338 1261 4423 quod
1285 4336 1381 4411 solus,
1400 4337 1433 4401 ni
