3326 5200
400 460 465 526 178
735 456 1114 523 ANNOTATIONES

403 630 490 694 tione
514 627 701 694 Tertulliani
722 628 864 715 prinoipe
882 627 1103 714 eonjunetione
1132 626 1187 706 nel,
1208 627 1342 691 eandem
1361 647 1449 692 ravo

403 715 490 790 σανίς
514 713 556 780 ali
599 714 632 778 ui
646 725 675 780 et
688 736 746 800 pro
762 725 818 779 nist
831 723 907 779 ante
921 714 1051 780 mulinis
1114 714 1236 778 itionem
1250 711 1437 797 scriptume.

402 887 424 950 h
448 800 485 864 P.
501 737 615 886 logdd.
632 804 662 866 6.
686 801 829 887 pietatis]
855 800 1077 888 Benignitatis
1103 799 1338 876 benevolentiae,
1364 797 1450 884 apud

425 909 461 952 os
476 887 537 952 sori
559 893 654 952 tores.

448 910 573 1038 Ibidpl.
595 994 640 1037 ιι.
669 973 745 1038 Uno
771 973 868 1059 igitur
888 994 1002 1059 genere
1024 980 1082 1038 aut
1103 970 1270 1056 vocabulo]
1298 971 1450 1036 Fortasse

402 1059 432 1124 la
472 1060 580 1136 udum,
602 1081 661 1124 suso
679 1061 777 1144 nter
795 1059 934 1144 yeaeralv'
954 1057 1103 1123 vocabulo
1144 1057 1246 1122 Paulo
1264 1057 1347 1122 infra
1364 1056 1450 1143 apud

445 1146 621 1210 uratorium
643 1146 710 1210 sine
729 1146 931 1222 auctoritate,
955 1145 1040 1230 quod
1055 1144 1162 1222 seiam,
1183 1150 1274 1209 extat
1289 1143 1450 1230 proditum

402 1241 444 1296 en
480 1252 517 1294 ro
524 1231 811 1316 pvvddumsuernt.

488 1315 530 1381 id.
542 1316 562 1382 l.
572 1335 623 1384 22.
641 1317 731 1402 quasi
742 1317 827 1382 sitot
837 1315 933 1403 alius]
947 1316 1001 1382 Ita
1011 1316 1181 1403 Rigaltins.
1199 1315 1282 1381 Olim
1291 1313 1384 1378 aliud
1392 1335 1450 1399 pro

404 1401 486 1467 nlius
507 1402 600 1470 editt.
618 1403 702 1488 quod
722 1403 849 1488 quidem
863 1403 1023 1468 revocavit
1044 1401 1261 1476 Muratorius;
1286 1401 1342 1466 sed
1378 1399 1450 1465 aulo

404 1495 478 1588 post
499 1488 607 1566 habes,
629 1489 817 1572 sandifioari
833 1511 896 1575 per
908 1490 1097 1575 mmaipsum
1116 1509 1222 1554 noim
1244 1486 1314 1551 Dei.
1353 1423 1452 1552 dalet

404 1573 530 1638 mtorim
544 1575 583 1638 de
596 1597 653 1661 qvo
668 1575 751 1640 idem
765 1583 862 1660 atque
876 1597 898 1638 o
912 1596 978 1660 qao.

448 1659 530 1724 Ibid.
546 1660 568 1723 l.
583 1680 636 1745 32.
656 1662 849 1748 angelornm,
870 1661 897 1725 si
923 1661 1138 1739 meruerimus,
1160 1658 1337 1744 candidati]
1356 1657 1451 1724 Hano

405 1745 552 1810 editionis
567 1745 725 1834 principis,
743 1770 822 1833 quaa,
839 1755 875 1812 ut
890 1747 966 1826 dixi,
982 1754 1032 1812 ost
1044 1747 1261 1847 Gangneiana,
1273 1743 1449 1824 lectionem,

404 1840 656 1899 commutaverat
670 1855 741 1898 eum
756 1834 858 1899 altera
877 1835 1100 1900 meminationes
1118 1856 1151 1896 in
1165 1833 1243 1898 edit.
1262 1854 1321 1896 sua
1340 1830 1451 1896 Basili-

405 1917 471 1982 snsi
487 1941 571 1984 anno
590 1937 681 2005 1550.
698 1920 917 2006 sigismundus
938 1920 1096 1984 Gelenius.
1142 1919 1323 2018 Posteaque
1342 1939 1451 2018 voeeni

404 2005 1075 2192 mutnussstssutt
1087 2003 1451 2178 tulimus:

406 2175 521 2240 iterum
543 2177 723 2242 eliminavit.
768 2178 848 2244 (lum
869 2200 944 2244 vero
966 2177 1077 2243 melior
1098 2178 1174 2242 mihi
1197 2177 1358 2243 videretur
1382 2175 1451 2240 haeo

404 2260 509 2341 lectio,
525 2263 658 2328 eandem
673 2263 777 2328 denuo
792 2264 946 2330 revocavi.

448 2346 487 2410 P.
507 2369 575 2428 ¹04·
592 2349 612 2412 l.
627 2369 674 2413 ιο.
698 2373 768 2412 sinn
790 2373 946 2414 vonnsnss
967 2373 1029 2414 nus
1051 2372 1085 2414 nv
1107 2373 1197 2414 ooetls
1216 2371 1253 2414 nu
1277 2371 1310 2412 ns
1334 2347 1447 2432 mas]

407 2432 556 2498 Abluisse
573 2455 594 2498 a
613 2435 769 2500 nonnullis
788 2436 927 2522 antiquis
942 2436 1095 2501 orationis
1114 2435 1289 2500 Dominioae
1308 2433 1450 2498 formulis

404 2519 651 2604 eomputationis
665 2521 859 2600 adverbium,
875 2523 948 2588 hino
961 2530 995 2588 et
1010 2522 1136 2587 aliunde
1152 2521 1309 2587 discimus.
1347 2518 1450 2584 Porro

404 2604 542 2670 variasse
565 2605 598 2670 in
623 2605 735 2671 iisdem
759 2609 838 2672 ordo
861 2608 1051 2693 petitionum
1073 2608 1186 2673 harum
1212 2608 1347 2684 videtur,
1371 2605 1451 2670 Fiat

403 2689 617 2770 wilellmus,
634 2699 668 2756 et
682 2694 784 2758 veniat
802 2703 1047 2779 nonsummum
1072 2695 1149 2780 quin
1163 2701 1196 2760 et
1215 2693 1297 2759 infra
1315 2692 1349 2756 in
1362 2691 1448 2778 oapi-

403 2775 491 2840 tibus
505 2780 524 2840 6
541 2784 574 2843 et
591 2797 607 2860 7
625 2777 708 2843 idem
723 2779 802 2844 ordo
817 2787 969 2846 servatur.

448 2861 530 2927 Ibid.
547 2863 567 2927 l.
586 2884 634 2948 15.
654 2886 713 2929 nos
727 2887 835 2930 sumtus
849 2867 963 2932 ooelum
979 2873 1012 2932 et
1026 2869 1127 2952 terra]
1149 2867 1210 2932 Ait
1230 2865 1397 2931 Sohutzius
1416 2862 1450 2928 in

404 2947 522 3013 notulis
535 2949 578 3014 ad
592 2950 668 3015 edit.
693 2949 876 3030 Halousem,
891 2960 910 2990 “
923 2952 975 3018 sie
994 2951 1076 3017 ludit
1095 2951 1301 3039 Cyprianus.”
1339 2949 1450 3016 Verba

403 3032 497 3119 hujus
519 3033 552 3098 in
571 3035 652 3100 libro
677 3037 714 3101 de
738 3039 881 3106 &atum
895 3039 1060 3104 Domitios
1081 3039 1150 3104 lime
1173 3046 1257 3114 sunt,
1273 3037 1360 3102 Nam
1381 3057 1450 3100 oum

474 3143 510 3185 us
531 3143 546 3186 e
567 3131 651 3187 wiva
673 3132 701 3188 et
720 3125 866 3209 spiritum
881 3125 1118 3210 possideamuse
1138 3125 1216 3203 cat,
1232 3123 1295 3211 ipsi
1316 3133 1400 3188 lewa
1421 3130 1450 3186 et

402 3227 444 3268 σω
456 3228 507 3270 om
527 3227 638 3288 sumas,
653 3219 682 3273 et
702 3210 737 3274 in
759 3219 890 3296 varoque,
906 3211 944 3276 id
963 3221 1013 3290 est,
1037 3221 1064 3276 ol
1086 3233 1207 3298 corpore
1228 3221 1257 3274 et
1276 3210 1401 3296 spirita,
1416 3217 1450 3272 ut

401 3292 466 3356 Dei
479 3293 693 3379 wlwntasfiat,
709 3318 838 3361 namus.

447 3378 486 3441 Ρ.
496 3395 567 3465 105.
582 3380 602 3444 l.
619 3400 667 3444 11.
683 3383 769 3465 quod
780 3389 814 3448 et
824 3384 905 3448 Fiat
915 3381 1052 3448 adustas
1062 3385 1128 3468 tua]
1148 3383 1206 3448 Est
1219 3405 1278 3468 pro
1292 3379 1450 3468 partionis

402 3472 431 3527 ot
443 3461 547 3550 legere
561 3465 629 3530 vult
644 3465 829 3544 Sohutzius;
854 3469 910 3534 sed
925 3467 969 3532 nil
983 3470 1179 3534 mutandum.

447 3548 632 3616 Ibid.l.16.
655 3560 799 3618 nostram
821 3554 1071 3655 suspensionem]
1098 3555 1170 3619 Seil.
1194 3553 1449 3640 exspectationum.

449 3634 631 3702 Ibid.l.18.
654 3645 853 3724 protractum
875 3640 1033 3725 quendam
1054 3663 1087 3704 in
1109 3642 1215 3706 seculo
1253 3637 1451 3704 Paitioulam

402 3722 438 3784 in
461 3722 588 3787 demum
613 3724 765 3802 revooavi,
791 3749 886 3810 quam
905 3726 1027 3812 primus
1053 3727 1195 3792 omisisse
1253 3723 1381 3813 'galtius
1405 3723 1449 3788 vi·

403 3807 505 3872 detur.
522 3809 638 3874 Oonl'm
648 3810 730 3875 infra
740 3811 771 3875 S.
779 3813 972 3898 Cyprianum
981 3813 1030 3878 De
1039 3813 1231 3878 Menatem
1242 3830 1413 3898 oapp.12‚1
1440 3856 1448 3871 .

448 3893 528 3959 Ibid.
545 3895 565 3958 1.
580 3914 629 3976 24.
646 3896 679 3960 in
693 3897 774 3982 visu]
793 3897 867 3963 Soil.
882 3903 916 3962 in
931 3901 1051 3966 etima
1079 3899 1193 3965 Posuit
1204 3899 1331 3983 quidem
1342 3829 1449 3982 lugd-

401 3979 466 4044 tius
481 3980 513 4044 in
530 3985 664 4066 utraque
679 4005 738 4048 sua
752 3983 890 4050 editione
910 3985 1041 4064 invidia,
1057 3986 1143 4050 haud
1163 4008 1238 4050 vero
1257 3990 1385 4050 sanutus
1399 3988 1450 4046 ost

402 4088 474 4174 sum
486 4067 698 4168 'Muratorius
744 4069 836 4134 Nune
851 4070 995 4138 extitisse
1013 4071 1136 4136 invidia
1155 4072 1187 4135 in
1208 4069 1346 4136 editione
1364 4066 1449 4155 pn'n-

401 4156 1302 4328 “¹3⁰2,¹lttlt’glttttttttlttstlta...

446 4324 527 4386 Ibid.
551 4324 573 4387 l.
590 4347 619 4406 9.
646 4338 679 4391 et
705 4328 771 4392 vita
795 4329 901 4414 panis]
933 4329 1041 4407 Forte,
1069 4332 1142 4394 vitae
1169 4328 1269 4414 panis.
1313 4327 1446 4392 Senum..

400 4409 495 4475 Corte
510 4409 554 4474 sio
570 4411 681 4476 son'bit
695 4415 727 4478 S.
739 4415 925 4498 Cyprianus.
