3310 5224
510 471 578 534 AD
604 467 961 534 PHILIPPENSES.
1221 471 1265 534 1³

214 651 384 748 γυναῖκας
422 646 521 744 ὑμῶν
555 645 593 723 ε’ν
629 648 675 746 τῇ
712 641 858 748 δοθείσῃ
896 644 1018 726 αὐτοῖς
1052 643 1174 722 πίστει
1206 644 1265 722 καὶ

213 771 339 878 ἀγάπη
359 773 417 852 καὶ
441 771 564 876 ἁγνείᾳ
585 768 828 873 (στεργσῦσας
856 766 939 853 τοῦς
968 770 1102 849 ἑαυτῶν
1133 768 1265 874 ἄνδρας

213 904 252 980 ἐν
279 897 384 1003 ποίση
416 899 578 1003 ἀληθείᾳ,
615 901 674 979 καὶ
711 897 912 1000 ἀγαπώσης
938 896 1076 980 πάντας
1113 897 1158 1003 ἐξ
1181 897 1266 1002 ἴσον

151 1083 166 1104 .
213 1029 252 1106 ἐν
287 1024 392 1130 πάσῃ
427 1026 646 1131 ἐγκρατείᾳ)
676 1029 735 1106 καὶ
770 1022 818 1104 τὰ
853 1023 960 1104 τέκνα
984 1023 1163 1104 παιδεύειν
1199 1023 1267 1125 τὴν

187 1153 374 1234 ὁποιδείαν
409 1159 474 1232 τοῦ
512 1149 632 1258 φόβου
666 1162 731 1234 τοῦ
759 1158 866 1233 Θεοῦ.
926 1150 1004 1236 Τὰς
1043 1149 1157 1256 χήρας
1190 1186 1266 1232 σιο-

213 1279 421 1385 φρονούσσς
438 1284 519 1383 περὶ
537 1277 603 1380 τὴν
625 1287 689 1358 τοῦ
717 1282 853 1384 Κυρίου
869 1280 1007 1378 πίστιν,
1024 1278 1262 1385 ἐντυγχανοιί-

213 1443 284 1492 σας
302 1408 537 1490 ἀδιαλείπτως
561 1411 642 1508 περὶ
669 1403 826 1506 πάντων,
844 1405 986 1511 μακρὰν
1003 1409 1117 1491 οὔσας
1143 1405 1267 1508 πάσης

214 1539 397 1635 διαβολῆς,
441 1540 675 1631 καταλαλιιῖς,
719 1533 1043 1640 ψευδομαρτυρίας,
1080 1540 1262 1638 φιλαργυ-

212 1667 302 1768 ρίας,
329 1665 389 1742 καὶ
418 1658 554 1745 παντὸς
584 1669 706 1740 κακοῦ·
737 1660 989 1763 γινωσκοιίσας
1008 1661 1063 1740 ὅτι
1081 1664 1152 1741 εἶσὶ
1177 1668 1261 1742 'dv-

168 1789 427 1894 10mnr⁷ipt0v
446 1794 553 1886 Θεοῦ,
571 1791 630 1869 καὶ
658 1787 714 1868 ὅτι
740 1788 859 1869 πάντα
885 1797 1188 1888 μωμοσκοπεῖται,
1207 1791 1267 1868 καὶ

213 1919 368 2020 λέληθεν
395 1915 505 1997 αὐτὸν
533 1915 644 2013 οὐδὲν,
673 1916 753 1994 οὔτε
783 1922 985 2016 λογισμῶν,
1007 1917 1087 1995 οὔτε
1112 1917 1265 2014 ἐννοιῶν,
1275 1939 1339 1992 Heb.
1348 1944 1380 1993 n.
1393 1959 1432 1999 ιι.

213 2047 298 2128 οὔτέ
310 2082 345 2127 τι
363 2053 437 2126 τεῦν
455 2051 622 2148 κρυπτῶν
639 2047 704 2142 τῆς
722 2044 877 2144 καρδίας.
1278 2021 1316 2069 ¹³⁰

269 2175 309 2256 ε’.
339 2172 484 2258 Είδότες
502 2174 575 2269 οῦν,
594 2171 649 2252 ὅτι
667 2169 762 2255 Θεδς
779 2171 821 2250 οῦ
838 2168 1096 2273 μυκτηρίζεται,
1114 2173 1265 2278 ὀφείλο·
1277 2191 1331 2240 cn
1344 2194 1376 2243 vi.
1390 2205 1413 2258 7·

212 2338 279 2402 μεν
303 2305 412 2410 ἀξίως
436 2307 500 2403 τῆς
528 2303 676 2399 ἐντολῆς
700 2300 809 2378 αῦτσῦ
834 2299 892 2377 καὶ
911 2297 1019 2403 δόξης
1046 2306 1266 2402 περιπατεῖν·

168 2433 342 2529 ι5ὁμσίιος
360 2430 515 2510 διάκονοι
539 2429 717 2527 ἄμεμπτοι
744 2424 962 2506 κατενώπιον
980 2427 1089 2506 αὐτοῦ
1116 2431 1181 2526 τῆς
1208 2430 1264 2506 δι-

212 2556 415 2658 καιοσύνης,
441 2561 489 2642 ὡς
517 2560 613 2636 Θεοῦ
645 2556 704 2634 καὶ
731 2559 896 2657 Χριστοῦ
922 2553 1087 2653 διάκονοι,
1115 2557 1174 2634 καὶ
1203 2555 1267 2634 οὐκ

213 2685 423 2788 ἀνθρώπων·
453 2718 504 2840 μη
535 2679 711 2779 διάβολοι,
742 2680 793 2781 μὴ
827 2684 976 2785 δίλογοι,
1009 2681 1287 2828 ἀφιλάργυροι
1277 2702 1416 2752 rrinns

213 2813 393 2914 ἐγκρατεῖς
421 2812 503 2913 περὶ
534 2806 664 2906 πάντα,
697 2810 959 2914 εὔσπλαγχνοι,
987 2813 1175 2910 ἐπιμελεῖς,
1198 2781 1298 2890 πο-3

213 3020 301 3080 etiam
324 3020 460 3078 mulieres
482 3031 591 3078 vestras
609 3019 639 3076 in
662 3017 719 3077 nde
760 3019 808 3076 nin
836 3020 919 3080 Deus
952 3021 1103 3100 prospicit,
1132 3030 1162 3078 et
1191 3021 1265 3079 nihil

213 3120 278 3177 quoe
292 3101 360 3159 dats
374 3111 418 3158 est
433 3100 483 3164 cis,
500 3110 531 3158 et
549 3098 718 3165 dilectione,
760 3118 826 3157 eurn
842 3101 923 3170 latet,
939 3121 1033 3195 neque
1052 3101 1200 3178 cogitatio,
1212 3121 1263 3160 ne-

214 3193 244 3240 ct
265 3182 399 3240 castitate
421 3179 565 3254 (amantes
587 3201 654 3238 suos
676 3181 718 3235 vi·
759 3199 817 3255 qne
831 3181 1017 3247 conscientia,
1032 3201 1127 3260 neque
1146 3179 1264 3259 aliquod

214 3281 261 3319 ros
275 3261 306 3318 in
321 3260 400 3318 omni
415 3259 538 3319 veritate
557 3271 610 3318 ⁸et
624 3261 719 3319 chari.
759 3259 890 3318 abditum
907 3261 1010 3319 cordis.

214 3352 285 3408 tate,
304 3340 460 3420 diligentes
478 3359 578 3399 omnes
599 3339 718 3417 oeqnnli·
801 3341 839 3398 V.
855 3339 1149 3418 Scientesergoquia
1163 3337 1265 3398 l'Dens

214 3431 259 3481 ter
273 3423 303 3479 in
321 3421 400 3481 omni
421 3421 615 3516 ¹continentis)
631 3431 662 3478 et
684 3419 716 3477 li·
760 3442 814 3480 non
840 3420 994 3491 deridetur,
1017 3422 1156 3481 debemus
1177 3421 1265 3499 digne

214 3501 269 3560 lios
283 3502 427 3561 erudire¹
420 3522 448 3558 rn
471 3500 624 3577 disciplina
638 3514 668 3559 ct
681 3501 719 3558 ti·
759 3501 789 3558 in
804 3501 989 3560 mandatis'
963 3523 1026 3578 ejus
1045 3514 1075 3561 et
1096 3502 1188 3578 gloria
1203 3521 1263 3559 arn-

213 3602 295 3642 more
309 3582 376 3641 Dei.
402 3581 507 3640 Viduae
522 3601 591 3640 vero
606 3581 732 3675 pudicae
759 3581 870 3641 bulare.
914 3581 1056 3642 Similiter
1075 3583 1227 3641 Diaconi'
1218 3603 1263 3640 rn-

214 3663 289 3722 circs
304 3661 390 3722 iidem
403 3663 459 3722 Der
472 3659 681 3740 interpellent
673 3683 718 3720 rn
759 3662 920 3758 culpabiles
951 3664 1010 3723 sint
1045 3663 1074 3721 in
1106 3674 1264 3742 conspectu

214 3755 360 3803 cessantes
383 3763 437 3822 pro
460 3743 614 3810 omnibus;
636 3741 718 3800 elon.
755 3744 967 3821 jrrstitioeejus‚
979 3744 1263 3803 sicutDeietChri-

213 3837 317 3900 gentes
337 3843 368 3882 se
389 3823 575 3882 sbomnibns
596 3787 717 3881 diaboli·
759 3825 796 3882 sti
818 3825 953 3892 ministri,
969 3837 999 3884 et
1013 3843 1072 3882 non
1094 3826 1262 3883 hominum:

214 3902 718 3966 cisdetrsctionibns.etfslsctesti.
759 3923 818 3962 non
849 3905 1058 3974 criminatores,
1088 3925 1182 3982 neque
1212 3905 1263 3966 de-

213 3986 321 4053 monio,
344 3995 375 4043 et
396 3984 432 4042 sb
452 3983 530 4042 omni
552 3982 646 4041 malo:
669 4003 717 4041 co·
760 3995 908 4051 tractores,
943 4005 1038 4062 neque
1072 3987 1170 4056 svsri3
1212 3985 1263 4045 sed

213 4077 386 4144 gnoscentss
409 4065 527 4142 seipsas,
555 4064 623 4141 quia
648 4075 717 4122 sunt
758 4064 855 4124 omnia
879 4063 1036 4124 tolerantes
1061 4066 1090 4124 in
1116 4067 1262 4136 omnibns,

213 4146 370 4204 sacrarium
388 4144 462 4203 Dei:
488 4145 625 4221 quoniam
654 4164 716 4201 om·
759 4144 967 4213 misericordes,
982 4146 1138 4227 diligentes
1156 4149 1186 4205 in
1200 4169 1263 4206 οια-Ι

637 4267 678 4316 Ec
689 4266 776 4316 smine·
786 4267 841 4315 odit.

410 4359 424 4388 Ι
437 4348 583 4398 Rcdnndnrs
593 4347 698 4398 vidntur.
903 4346 985 4397 bth.
997 4347 1030 4396 vi.
1044 4357 1066 4410 γ.
