3326 5200
535 811 927 900 FIRMILIANI

422 1027 582 1079 EPISOOPI
605 1025 784 1078 CAESABEAE
806 1024 1043 1076 carramcm

714 1203 754 1238 AB

207 1354 490 1426 OYPRIANUM
513 1351 693 1420 CONTRA
716 1351 980 1419 EPISTOLAM
1008 1347 1255 1416 STEPHANI.

625 1568 848 1592 *—

183 1717 242 1802 51.
271 1712 661 1865 FIRMILIANUS
692 1715 868 1810 Cypriane
903 1715 1002 1786 fratri
1032 1715 1069 1783 in
1102 1711 1258 1782 Domino

363 1832 526 1905 salutem.
577 1831 795 1926 Accepimus
819 1854 884 1927 per
900 1831 1137 1926 Rogationem
1154 1828 1260 1900 caris-

211 1951 341 2022 simum
370 1957 542 2032 nostrum,
568 1951 756 2020 diaconum
786 1973 808 2020 a
834 1949 933 2020 vobis
958 1949 1116 2029 missum,
1139 1946 1260 2016 literas

212 2089 300 2158 quas
326 2067 371 2138 ad
401 2089 465 2138 nos
495 2067 621 2149 fecisti,
652 2065 762 2137 irater
795 2065 1032 2148 dilectissime,
1060 2071 1099 2134 ct
1129 2062 1260 2156 gratias

214 2191 358 2276 propter
382 2183 450 2254 hcc
469 2181 624 2253 Domino
649 2183 824 2252 maximas
846 2184 1002 2276 egimus:
1027 2179 1124 2274 qnod
1148 2179 1261 2249 conti·

170 2300 316 2392 cogerit,
350 2306 392 2368 nt
425 2299 487 2389 qui
520 2319 666 2390 corpore
698 2298 744 2369 ab
777 2299 930 2368 invicem
963 2319 1177 2391 separamur,
1209 2294 1261 2392 sic

214 2415 342 2507 spiritu
368 2415 584 2497 adunemur3
609 2415 708 2506 qnasi
739 2437 811 2485 non
840 2435 947 2484 unam
978 2421 1120 2484 tantum
1149 2411 1263 2505 regic-

216 2551 300 2600 nem
327 2537 501 2612 tenentes‚
514 2529 592 2602 'sed
621 2531 658 2600 in
687 2553 760 2601 una
786 2539 894 2624 atque
927 2531 965 2600 in
999 2529 1124 2600 eadem
1157 2528 1265 2598 dcmc

216 2645 322 2716 simul
350 2645 599 2717 inhabitantes.
649 2647 756 2731 Quod
779 2657 818 2720 et
843 2649 948 2720 decet
971 2647 1098 2729 dicere,
1122 2647 1205 2740 quia
1226 2653 1266 2716 et

217 2762 382 2856 spiritalis
400 2763 526 2833 domna
544 2761 613 2833 Dei
636 2787 708 2834 nna
729 2773 795 2836 est.
847 2764 927 2835 Erit
942 2765 1040 2836 enim
1062 2765 1099 2833 in
1121 2761 1322 2833 novissi-1⁸⁸1
1341 2771 1366 2818 ii·
1381 2784 1403 2818 τ-

174 2911 183 2948 ι
191 2909 206 2967 5
218 2880 295 2960 mia,
313 2880 363 2948 ait
380 2879 562 2971 propheta,
581 2879 706 2951 diebus
723 2881 931 2952 manifestas
946 2903 1050 2952 mons
1065 2877 1211 2948 Domini
1228 2886 1266 2947 et

218 2995 345 3066 demus
363 2993 432 3064 Dei
450 3018 555 3088 super
572 2997 722 3066 vertices
742 2999 929 3066 montium.
982 2996 1026 3066 In
1051 3017 1158 3086 quam
1183 3015 1425 3080 con-ramas

219 3111 402 3182 venientes
440 3133 523 3181 cum
559 3113 787 3204 jucunditate
826 3114 1036 3193 adunantur,
1071 3108 1266 3180 secundnm

218 3228 313 3318 qnod
330 3235 368 3297 et
385 3229 422 3296 in
439 3226 576 3319 psalmo
598 3227 667 3298 hoc
693 3226 930 3320 postulatura
948 3225 1113 3307 Domino,
1130 3223 1268 3294 inhabi-

218 3351 295 3413 tare
312 3343 350 3412 in
367 3343 473 3412 domo
493 3340 561 3412 Dei
578 3365 643 3435 per
660 3365 782 3413 omncs
799 3342 875 3412 dies
892 3343 988 3412 vitae.
1040 3339 1149 3412 Unde
1173 3347 1212 3409 et
1229 3339 1266 3408 in

173 3489 210 3529 ιο
219 3457 288 3528 alio
302 3456 379 3528 lccc
391 3459 657 3529 manifestatum
671 3467 735 3542 est,
749 3481 825 3529 esse
837 3458 932 3550 apud
949 3465 1089 3528 sanctes
1100 3477 1265 3550 magnam

220 3573 413 3644 veluntatis
431 3575 616 3644 ceritatem
631 3572 723 3669 (sor.
738 3574 983 3666 alacritatem),
1002 3574 1039 3643 in
1054 3594 1166 3643 unum
1184 3593 1268 3641 eon-

220 3689 359 3758 venire:
392 3687 496 3771 Ecce,
527 3691 652 3782 inquit,
683 3712 789 3781 quam
820 3690 953 3761 bonum
981 3697 1019 3760 et
1050 3685 1267 3781 voluptabile
1276 3703 1314 3751 ra
1327 3699 1416 3750 cxxxii.

220 3813 284 3887 cst,
302 3813 343 3874 ut
360 3805 523 3876 habitent
541 3805 666 3876 iratres
688 3807 726 3875 in
742 3829 865 3876 unam.
916 3805 1100 3876 Adunatio
1116 3805 1214 3874 enim
1228 3813 1267 3872 et
1278 3783 1297 3814 ¹‘

219 3941 288 4011 pax
307 3927 344 3988 et
361 3921 559 4004 concordia,
577 3943 648 3991 non
673 3920 790 3992 solum
815 3921 1017 3992 hominibus
1042 3918 1205 3989 fidelibus
1231 3927 1269 3988 et

174 4037 513 4128 25ccgncscentibns
539 4037 737 4120 veritatem,
763 4039 824 4108 sed
855 4045 892 4107 et
922 4035 1056 4130 angelis
1086 4035 1170 4128 ipsis
1199 4057 1269 4105 cae-

219 4151 368 4221 lestibus
384 4150 606 4246 voluptatem
624 4155 817 4223 maximam
835 4160 1001 4246 praestat3
1027 4151 1155 4244 quibus
1180 4150 1268 4222 dicit

220 4287 336 4336 sermo
353 4266 503 4349 divinus,
521 4291 597 4340 esse
620 4269 788 4364 gandium
812 4269 849 4336 in
867 4289 938 4336 nno
955 4275 1141 4359 peccatore
1157 4267 1430 4358 paeni-namra

221 4381 371 4450 tentiam
397 4391 537 4475 agente,
556 4393 593 4454 ct
614 4386 658 4455 ad
685 4385 831 4455 unitatis
850 4382 1030 4453 vinculum
1057 4391 1267 4452 revertente.
