3310 5224
300 369 331 435 vi
704 366 952 439 LECTORI.

302 591 389 644 esse
408 564 562 672 poterit
588 576 662 645 aut
682 566 841 661 veritas
861 579 935 646 out
958 567 1100 662 virtus,
1121 567 1164 646 id
1184 595 1351 675 quoque

303 707 474 815 egimus,
504 721 553 788 ut
581 737 632 789 ex
661 707 739 789 hoo
768 711 1054 817 praestantium
1082 738 1253 819 operum
1281 712 1349 792 de-

302 849 414 933 lectu
433 850 594 960 liquido
610 865 761 962 pateat,
780 852 882 961 quid
903 854 957 935 de
976 855 1223 937 auctoritate
1242 857 1350 938 sedis

305 994 516 1091 Romanae,
556 1008 706 1076 cuncta
749 995 825 1077 sibi
871 998 1129 1093 vindicantis
1167 999 1351 1080 sanxerit

302 1136 541 1246 antiquitas.

357 1284 481 1366 Certe
500 1284 543 1364 in
569 1284 712 1393 primis
735 1282 895 1365 saeoulis
920 1282 1245 1393 haudquaquam
1270 1286 1349 1366 ori-

301 1426 427 1509 entali
457 1440 531 1508 aut
556 1429 680 1508 etiam
705 1425 949 1509 occidentali
974 1426 1155 1509 ecolesiae
1181 1427 1348 1538 placuit,

302 1585 350 1653 ut
376 1572 577 1654 Romanae
598 1571 779 1655 ecclesiae
808 1570 874 1653 vel
898 1572 1127 1652 dominatio
1157 1573 1198 1653 in
1227 1586 1345 1655 caete·
1396 1554 1397 1558 Ν

300 1745 439 1798 rarum
464 1716 603 1814 fidem,
622 1716 687 1799 vel
716 1717 957 1798 immunitas
985 1719 1036 1798 ab
1061 1746 1199 1800 errore
1228 1719 1344 1827 quasi

299 1891 323 1942 a
357 1861 448 1944 Deo
481 1891 670 1945 concessa
703 1863 1014 1944 attribueretur.
1073 1862 1345 1971 Quaecunque

299 2006 411 2086 enim
440 2033 553 2086 nunc
586 2018 696 2101 sunt7
725 2004 790 2086 vel
824 2032 1009 2112 unquam
1039 2005 1223 2102 fuerunt,
1247 2011 1344 2116 jura

299 2150 443 2259 primae
481 2149 589 2230 sedis
622 2176 669 2230 ac
706 2147 931 2258 privilegia,
966 2149 1104 2228 omnia
1141 2177 1190 2230 ea
1228 2149 1345 2231 nullo

297 2291 379 2374 alio
412 2292 490 2374 niti
520 2293 794 2374 fundamento
828 2305 978 2401 praeter
1012 2304 1215 2374 vetustam
1249 2323 1346 2377 oon-

297 2437 562 2518 suetudinem
593 2449 636 2518 et
665 2437 879 2543 synodicas
908 2435 1234 2534 oonstitutiones‚
1266 2439 1345 2520 ori-

298 2579 447 2662 entalis
496 2579 640 2662 saltem
692 2579 861 2662 ecclesia
909 2583 1128 2662 statuebat.
1209 2582 1344 2664 Immo

296 2737 410 2807 totus
439 2725 548 2808 orbis
576 2725 620 2806 in
650 2724 824 2808 concilio
853 2723 1027 2806 Nioaeno
1053 2728 1150 2834 jura
1180 2727 1343 2808 nonnisi

295 2899 347 2953 ex
375 2871 504 2952 veteri
533 2897 647 2952 more
676 2882 766 2951 orta
794 2870 930 2951 eidem
963 2869 1062 2966 sedi,
1089 2869 1230 2952 aliisve
1259 2900 1344 2952 ma-

291 3016 452 3126 joribus
490 3013 680 3111 eeclesiis,
718 3013 914 3096 adscribit
925 3023 950 3092 ⁸.
1023 3013 1081 3095 Et
1119 3028 1344 3123 quantum-

295 3189 462 3270 cunque
481 3159 558 3242 sibi
583 3159 783 3242 honorem
803 3187 856 3242 ex
881 3158 1158 3269 amplitudine
1176 3176 1340 3271 aposto·

294 3305 430 3389 lorum
451 3305 565 3389 Petri
586 3318 628 3388 et
648 3306 780 3402 Pauli,
792 3306 866 3414 qui
882 3303 1093 3387 ecelesiam
1110 3306 1341 3388 Romanam

295 3450 595 3549 stabiliverunt,
614 3449 730 3533 urbis
758 3449 904 3530 Romae
924 3449 1102 3559 episcopi
1129 3450 1206 3530 sibi
1233 3479 1343 3532 com-

295 3594 540 3704 paraverint,
558 3592 623 3674 his
642 3604 794 3691 tamen,
809 3593 951 3704 judice
971 3592 1145 3676 concilio
1159 3591 1341 3701 generali

294 3735 633 3836 Chalcedonensi‚
652 3736 712 3816 διὰ
729 3737 771 3818 τὸ
784 3733 991 3833 βασιλεύειν
1004 3736 1070 3837 τὴν
1085 3735 1195 3816 πόλιν
1208 3737 1342 3835 ἐκείνην

293 3889 326 3962 oi
343 3883 491 3987 πατέρες
509 3882 650 3966 εἰκότως
668 3881 916 3964 ἀποδεδώκασι
939 3880 985 3960 τὰ
1010 3888 1186 3985 πρεσβεῖα
1201 3876 1227 3962 ¹'.
1272 3880 1340 3962 Ex

443 4175 456 4202 ²
471 4164 600 4231 Oanone
615 4165 713 4231 Sexto
729 4167 868 4232 Nioaeno.

444 4267 461 4314 ὓ
476 4267 604 4334 Oanone
618 4268 765 4334 vicesimo
780 4277 892 4336 octavo
908 4269 1165 4336 Ohaloadonensi.
