3294 5192
333 465 384 528 IN
409 463 629 528 CANONES
652 463 834 528 NICAENI
859 463 1086 531 CONCILII.
1173 467 1238 534 sot

187 635 322 719 praeside
346 633 639 719 Hierosolymiteno
661 642 863 721 exposuerat,
889 637 978 703 Τινὲς
999 637 1032 700 δὲ
1055 639 1237 718 μητρόπολιν

187 721 241 798 τὴν
272 719 455 801 Καισάρειαν
482 719 628 802 λέγουσιν
653 721 801 800 ὀνομάσαι
826 720 880 786 τὸν
908 723 1031 786 κανόνα.
1077 721 1147 786 Imo
1172 723 1237 788 due

187 805 281 870 alteri
296 811 563 870 commentatores
574 804 723 870 Balsama
735 813 769 872 et
779 806 951 872 Aristonus
962 813 1119 884 statuunt,
1132 807 1234 894 desig-

188 890 258 954 nari
282 892 385 954 verbis
408 890 529 955 ultimis
551 891 647 975 hujus
671 892 800 956 canonis
822 891 1021 966 Oaesaream3
1053 893 1237 1042 releqntque

186 975 339 1040 lectorem
364 998 456 1042 suum
478 977 520 1040 ad
546 975 749 1041 Chalcedonii
775 977 905 1042 Ooncilii
932 977 1093 1043 (lenonem
1141 979 1236 1044 uode-

187 1061 303 1126 cimum
323 1063 514 1135 Aristonus;
540 1061 594 1124 ubi
610 1062 686 1146 jura
704 1063 820 1127 veteris
841 1064 993 1147 cujusque
1015 1064 1099 1128 sedis
1120 1071 1237 1130 metro-

187 1146 337 1296 pplitanoe
352 1148 503 1212 adversus
517 1168 631 1212 novem
646 1147 691 1212 sic
706 1148 825 1212 dictam
845 1147 1110 1234 metropoliticam
1130 1151 1237 1216 sedem

212 1233 238 1296 's
252 1233 355 1298 verbis
366 1239 576 1312 reservantur,
589 1231 766 1314 σωζομένων
779 1235 815 1311 τῆ
829 1233 890 1299 κατ’
903 1235 1047 1314 annectar
1057 1239 1238 1316 μητροπόλει

187 1324 246 1382 τῶν
271 1320 388 1384 οἰκείων
410 1320 539 1384 δικαίων.
584 1319 636 1382 Ex
662 1339 725 1404 quo
747 1297 874 1403 quidem
897 1339 1026 1396 oenone,
1053 1321 1237 1406 decimoque

188 1403 324 1488 septimo
343 1404 485 1488 ejusdem
503 1405 625 1470 concilii
645 1405 920 1482 Chalcedonensis,
941 1405 975 1468 id
993 1405 1114 1490 liquido
1135 1413 1235 1490 petet,

187 1489 328 1573 regimen
346 1489 592 1556 ecclesiasticum
611 1491 653 1554 ad
672 1491 808 1555 sormam
829 1491 927 1556 civilis
946 1491 1069 1575 imperii
1090 1491 1237 1575 primitus

188 1595 257 1639 esse
272 1576 492 1641 constitutum.
531 1577 634 1641 Porro
653 1597 806 1642 canonem
830 1575 995 1640 Nicoenum
1017 1584 1104 1640 recte
1123 1597 1237 1661 reprae-

188 1661 327 1726 sentavit
350 1660 383 1725 in
405 1663 490 1726 hunc
513 1661 642 1725 modurn
662 1661 805 1739 Rufinus,
825 1661 871 1727 Et
887 1671 921 1726 ut
939 1663 1074 1746 episeopo
1096 1663 1237 1726 Hieme-

189 1745 337 1828 amnem
364 1747 533 1832 antiquitas
561 1747 681 1812 tradito
707 1747 828 1810 lenone
854 1749 1065 1832 proeropats'oo
1094 1756 1236 1824 ιοοοονιν,

188 1841 324 1896 manente
342 1832 539 1897 nilidsnsinas
556 1843 584 1897 et
601 1832 825 1918 metropolitem
838 1832 935 1917 epum
947 1833 1119 1918 prusiam
1136 1833 1238 1918 dipsi-

189 1925 258 1981 tale.
282 1917 389 1982 Rufini
404 1917 491 1982 Hist.
505 1918 592 1983 Eccl.
608 1917 635 1983 Ι.
646 1933 678 2003 5.
690 1939 746 1984 seu
758 1917 804 1981 X.
817 1934 848 2003 5.

576 2083 730 2152 uANON
753 2084 852 2150 VIII.

233 2189 271 2253 P.
283 2203 357 2274 375.
374 2188 397 2252 l.
408 2209 441 2274 3.
463 2191 500 2275 τῇ
522 2191 664 2268 καθολικῇ
686 2187 735 2252 καὶ
754 2189 938 2265 ἆποστολιιιῆ
958 2189 1084 2267 ἔκκλησί
1134 2187 1239 2253 Voees

191 2275 239 2340 καὶ
260 2278 454 2353 ἀποστολικῇ,
476 2295 547 2373 quse
571 2273 756 2338 excidenmt
779 2295 797 2338 e
823 2251 970 2339 Conciliis
994 2294 1015 2337 a
1042 2187 1182 2338 tellao
1205 2283 1239 2339 et

190 2368 302 2446 postea
315 2361 357 2426 ab
372 2359 542 2425 Hardurno
557 2360 661 2436 editis,
677 2380 813 2444 quorum
827 2359 956 2444 quidem
972 2365 1158 2424 contextum
1173 2359 1239 2424 lere

190 2454 318 2512 secutus
331 2467 413 2524 sum,
428 2445 490 2510 huc
505 2445 667 2523 revocavi;
691 2451 806 2512 extent
821 2445 904 2510 enim
918 2467 965 2510 eae
980 2467 1045 2509 non
1059 2451 1187 2510 tantum
1205 2446 1240 2510 in

190 2533 329 2598 editione
352 2531 493 2618 principe
516 2531 737 2610 Conciliorum,
761 2531 817 2596 sed
839 2531 938 2596 etiam
958 2531 992 2595 in
1014 2531 1159 2596 omnibus
1173 2532 1240 2597 lere

191 2617 353 2682 Generum
381 2617 620 2683 collectionibus
639 2617 763 2682 excusis
784 2617 982 2704 scriptisque.
1022 2617 1170 2682 Positum
1188 2624 1239 2683 est

190 2702 387 2852 τᾶἆγίιίιίιτάτῃ
402 2705 586 2791 ἆποστολιιιῇ
602 2703 650 2768 καὶ
661 2703 802 2782 rodoltus}
817 2704 859 2766 ἔκ.
875 2702 908 2766 in
919 2703 1090 2770 novissima
1100 2702 1239 2768 editione

238 2809 276 2851 nc
311 2809 411 2852 orum.

235 2872 316 2936 Ibid
329 2873 351 2937 l.
361 2887 394 2957 5.
409 2871 703 2956 χειροθετονμένονο]
718 2871 839 2936 Fateor
850 2873 996 2972 equidem
1009 2872 1177 2938 haereticos
1191 2895 1239 2938 re-

192 2957 376 3044 sipiscentes
393 2978 451 3042 per
467 2977 619 3021 manuum
634 2956 868 3056 impositionem
881 2978 915 3020 ru
930 2957 1093 3022 eeclesiam
1108 2958 1239 3024 catholi-

191 3064 262 3108 cam
283 3043 462 3128 antiquitus
482 3047 629 3128 receptos
650 3040 756 3106 luisse.
794 3041 858 3106 Sed
877 3043 956 3108 satis
976 3042 1084 3106 mirari
1106 3065 1238 3128 nequeo,

191 3150 289 3216 quere
315 3127 563 3214 Chrietcphems
588 3125 745 3190 Justellus
771 3126 887 3210 aliique
912 3126 996 3191 hunc
1022 3149 1175 3192 canonem
1199 3128 1240 3192 de

191 3213 369 3280 istiusmodi
390 3213 562 3298 χειροθεσίρ
583 3211 882 3297 interpretarentur.
935 3212 1052 3277 Patres
1070 3212 1155 3277 enim
1176 3235 1240 3278 non

192 3301 232 3366 de
243 3299 414 3400 quibusvis,
427 3299 484 3364 scd
497 3299 538 3364 de
552 3298 627 3363 solis
641 3295 762 3362 clericis
777 3295 975 3374 Novatianis,
987 3297 1041 3384 qui
1055 3299 1240 3364 canonicam

192 3386 340 3452 nimuum
354 3384 587 3450 ordinationem
600 3391 677 3449 ante
687 3389 887 3469 acceperant,
899 3405 957 3469 per
970 3389 1075 3449 totum
1090 3384 1174 3450 hunc
1189 3406 1240 3449 oa·

192 3493 307 3537 nonem
318 3477 433 3558 agsmt;
452 3477 662 3556 statuuntque
675 3469 719 3535 ad
733 3469 898 3534 ecclesiam
908 3491 1074 3535 conversos
1084 3471 1118 3534 in
1128 3470 1240 3536 eodem

191 3558 359 3624 clericatus
379 3557 482 3644 gradu
507 3577 645 3634 manere,
664 3577 727 3641 quo
749 3556 834 3621 inter
856 3555 1052 3621 Novatianos
1073 3555 1241 3620 constituti

192 3644 328 3723 lucrant,
339 3649 376 3707 ut
391 3665 431 3706 ex
445 3643 522 3728 ipsis
537 3642 636 3708 etiam
650 3639 781 3706 canonis
790 3641 904 3720 verbis,
915 3640 977 3706 rite
992 3641 1164 3727 perpensis,
1176 3640 1241 3705 elu-

192 3729 299 3796 cescit.
343 3728 408 3794 Hic
427 3728 513 3794 enim
534 3727 575 3792 de
597 3727 785 3792 Novatianis
806 3727 996 3804 decernitur,
1012 3725 1091 3790 ὥστε
1108 3729 1242 3810 χειροθε-

192 3815 351 3895 conplaceo
371 3815 485 3892 αὐτοὺς,
499 3812 603 3894 μένειν
617 3815 708 3882 οὕτως
723 3815 757 3878 ἐν
771 3814 812 3898 τῷ
833 3812 940 3898 κλήρῳ.
984 3811 1055 3893 Quo
1069 3819 1179 3878 autem
1193 3833 1241 3876 re·

191 3901 315 3966 feratur
336 3899 413 3966 illud
435 3901 535 3978 οὕτως,
557 3897 618 3963 nisi
638 3898 683 3964 ad
703 3897 1001 4000 χειροθετοομὶνονςῖ
1026 3903 1060 3963 et
1082 3897 1242 3982 quomodo

192 3985 266 4051 illuc
280 3986 447 4064 referetur,
459 3984 520 4050 nisi
531 3986 705 4070 χειροθεοίο
719 3991 783 4048 ista
797 3983 1025 4070 praecessisset!
1040 4004 1142 4068 neque
1157 3981 1243 4048 enim

191 4072 239 4136 su
253 4071 287 4135 in
301 4070 385 4136 clero
399 4092 527 4135 manere
541 4076 684 4156 possrmt,
696 4069 756 4133 nisi
771 4070 859 4155 prius
873 4069 907 4132 in
921 4068 1005 4134 clero
1018 4068 1172 4144 luissent;
1189 4089 1243 4132 ne-

193 4179 255 4242 que
269 4157 358 4242 prius
372 4155 405 4219 in
419 4156 503 4220 clero
518 4177 587 4220 esse
601 4160 763 4240 potenml,
779 4153 840 4218 nisi
854 4155 1111 4238 χειροθετούμενοι
1125 4161 1241 4232 essent,

192 4263 231 4308 ao
246 4242 379 4328 proinde
393 4241 462 4308 hee
477 4241 730 4308 Novatianorum
740 4241 914 4324 χειροθεσίο
927 4238 1070 4324 ipsorum
1079 4240 1124 4306 ad
1134 4239 1243 4305 catho-

193 4327 287 4394 licam
301 4327 466 4394 ecclesiam
480 4327 715 4394 conversionem
729 4325 892 4412 pmcedst
906 4347 1033 4390 necesse
1047 4331 1107 4404 ost,
1119 4347 1182 4389 non
1195 4345 1243 4390 se·

195 4421 326 4502 quatum
342 4435 445 4500 neque
459 4435 498 4482 ea
511 4421 572 4493 eet,
584 4434 648 4500 qna
662 4413 695 4480 in
709 4411 875 4480 ecclesiam
888 4433 909 4480 a
923 4409 1097 4490 catholicis,
1109 4411 1165 4476 sed
1180 4432 1245 4497 qua
