3326 5200
334 485 384 548 IN
409 485 752 552 'l'ERTULLIANI
778 488 841 552 DE
865 488 1127 552 ORATIONE.
1192 491 1255 557 187

244 656 302 720 Ρ.ι
315 657 450 741 19.1.12.
468 657 531 722 Sed
541 679 599 722 uec
608 659 675 744 ipse
684 680 705 723 e
716 658 869 724 iratribus
877 659 1011 724 exemtis
1025 661 1133 746 priora
1144 661 1254 725 fecerit

202 743 275 826 uc]
295 743 377 806 Mihi
393 744 520 828 quidem
535 744 702 830 legendum
717 745 851 820 videtur,
867 746 921 809 scd
930 768 983 808 nec
994 747 1058 831 apso
1067 746 1254 829 usratridue

201 840 353 913 exceptus
375 831 490 930 potero
518 830 641 895 feceris.
687 831 767 895 Mox
797 830 909 896 melius
937 833 1021 896 foret
1056 831 1252 908 indicabitur,

201 937 297 999 quam
304 915 511 998 yudwuditur.

247 1001 327 1066 Ibid.
344 1002 365 1066 l.
383 1023 433 1085 19.
456 1003 489 1066 in
504 1003 702 1067 orationibus
717 1003 859 1088 alleluja]
883 1003 933 1067 De
949 1003 1043 1089 hujus
1064 1005 1150 1068 vocis
1171 1005 1253 1069 anti-

202 1087 335 1172 quitate,
360 1110 399 1152 ac
421 1089 560 1173 repetitu
583 1111 642 1153 usu
668 1089 701 1153 in
722 1089 868 1175 precibus
890 1089 988 1154 sacris
1005 1090 1074 1175 jam
1097 1091 1150 1154 elii
1173 1090 1252 1156 satis

201 1173 766 1326 nn’.l⁰‘¹n.‚{¹¹tmnn
785 1175 1252 1326 {sullevatus

202 1309 393 1410 Soucmends
406 1346 462 1410 lib.
476 1346 554 1410 VII.
572 1369 641 1432 cap.
654 1365 702 1432 15.
723 1355 757 1412 et
781 1367 839 1447 ¹9¹⁹
860 1283 1069 1423 sipaffiinul,
1091 1349 1123 1412 S.
1137 1313 1251 1414 Hiero,

201 1452 323 1516 uymm,
348 1431 498 1510 Isidorus,
524 1433 681 1508 Sidonius,
705 1441 739 1498 et
764 1432 827 1497 ani.
872 1435 904 1498 A
929 1433 1055 1498 Judaeis
1079 1435 1122 1498 ad
1145 1434 1251 1499 Ohris-

201 1517 306 1582 tianos
328 1518 474 1583 transiit:
501 1527 550 1583 est
575 1519 659 1584 enim
685 1519 718 1582 in
744 1519 905 1584 Duvidicis
932 1519 1068 1584 Psalmis
1093 1521 1249 1605 frequens,

200 1625 332 1688 eamque
347 1604 422 1668 olim
437 1604 635 1690 potissimum
651 1605 684 1668 iu
699 1605 830 1670 ecclesie
849 1605 1141 1690 Hierosolymitaua
1161 1628 1249 1672 usur-

201 1697 310 1773 patam
325 1689 475 1755 discimus
489 1712 509 1754 a
525 1691 557 1755 S.
571 1691 726 1776 Gregorio
739 1690 792 1755 lib.
805 1691 849 1753 ΙΙ.
866 1691 957 1778 epist.
975 1697 1026 1775 63.
1045 1691 1227 1755 Munsrom.

246 1775 325 1839 Ibid.
351 1775 372 1839 l.
391 1795 440 1840 ao.
469 1798 602 1861 quorum
628 1777 775 1841 clausulis
801 1777 1031 1862 respondeant]
1061 1777 1249 1863 Legeutium

200 1861 371 1926 eruditioni
386 1862 523 1927 lacerem
538 1862 696 1947 iujuriam,
712 1863 738 1926 si
753 1871 826 1947 post
838 1863 1055 1927 doctissimum
1067 1885 1250 1948 summeque

201 1947 286 2096 ppum
316 1948 509 2012 cardinalem
538 1948 660 2012 Bonam
690 1949 730 2012 de
764 1948 984 2033 antiquissimo
1019 1949 1182 2033 psallendi,
1212 1973 1250 2014 au

233 2034 371 2099 avidicos
398 2034 543 2099 Psalmos
569 2041 626 2098 unt
655 2035 811 2100 recitandi
836 2043 894 2099 aut
919 2034 1052 2099 cauendi
1079 2057 1138 2100 usu
1164 2036 1250 2120 loqui

201 2119 321 2219 vellem.
353 2121 447 2221 'Ejus
461 2121 577 2185 librum
592 2120 831 2220 dePsalmodia
846 2121 990 2186 consulat
1005 2120 1146 2205 quisquis
1164 2129 1250 2186 satu-

200 2225 265 2355 ll?
275 2206 1251 2378 llll·...Hllttlttnllttltntltltltlt

201 2377 423 2442 ecelesiasticis
438 2379 720 2478 supplicationibus
734 2379 918 2443 recitantur.
944 2380 1125 2442 Memnoni.
1172 2379 1251 2444 Ora-

202 2463 342 2527 tionibus
367 2464 513 2550 subjungu
540 2465 591 2529 hic
613 2465 763 2529 dicuntur
788 2465 821 2528 id
842 2486 941 2550 geum
965 2464 1087 2550 pselmi,
1115 2487 1249 2550 quonum

202 2549 350 2614 clausulae
364 2557 450 2635 aptae
466 2556 541 2614 suut
556 2551 598 2614 ad
613 2551 878 2637 respondendum.

247 2635 328 2701 lbid.
343 2635 363 2700 l.
376 2655 425 2718 23.
447 2643 626 2701 saturatam
645 2638 821 2702 orationem
841 2635 927 2700 velut
942 2636 1096 2722 optimum
1111 2635 1250 2700 hostiam

201 2721 384 2806 admovere]
403 2721 590 2786 Suturatam
605 2722 791 2786 orationem.
829 2721 930 2786 Sicuti
940 2722 1051 2805 jejuna
1065 2723 1172 2797 uratia
1188 2721 1251 2786 alio

202 2815 309 2872 tamen
323 2830 426 2884 sensu,
442 2830 462 2873 a
476 2807 627 2873 Cicerone
642 2808 728 2872 dicta
746 2817 805 2885 est,
821 2807 916 2872 itaet
934 2818 1075 2872 saturato
1089 2831 1110 2872 a
1125 2807 1249 2871 Tertul-

201 2892 426 2970 Benedicitur,
442 2916 512 2978 quae
532 2915 641 2979 preces
660 2915 731 2958 cum
750 2894 937 2958 recitatione
957 2893 1156 2958 Psalmorum
1177 2915 1249 2956 con-

198 2979 734 3150 lulliludsslffiillllllff
753 2979 947 3127 ildlllll
966 2979 1251 3149 hillinffldd

204 3151 343 3236 opimum
357 3152 485 3215 Maium
500 3151 683 3216 admovens.

246 3237 283 3300 P.
300 3256 369 3301 120.
385 3238 405 3300 l.
418 3259 449 3315 4.
465 3237 728 3320 sacrificaremus]
748 3234 822 3298 For.
840 3234 1062 3299 sacrificamus.

247 3323 329 3387 Ibid.
344 3322 364 3385 l.
380 3343 388 3386 ι
396 3343 429 3407 3.
444 3323 572 3408 negavit
587 3320 689 3407 Deus]
704 3320 905 3385 Praetulerim
916 3319 1043 3405 nepulit.

214 3473 224 3480 ,
247 3408 327 3472 [bid.
342 3409 363 3472 l.
377 3427 427 3489 αι).
447 3409 566 3472 Mirum
581 3409 607 3472 si
623 3430 724 3492 aquas
738 3407 883 3470 coelestes
900 3409 969 3491 lac]
997 3407 1086 3470 Inter
1104 3406 1172 3470 haee
1188 3407 1248 3492 sig-

202 3493 322 3558 nificari
347 3495 482 3569 videtur,
510 3501 547 3558 ut
572 3493 646 3557 olim
672 3493 779 3558 monui
801 3494 843 3556 ad
870 3493 902 3556 S.
919 3491 1137 3578 Apollinarem
1162 3493 1247 3576 apud

201 3580 273 3644 let·
292 3581 362 3644 niue
376 3583 464 3644 Scor.
478 3579 538 3644 vol.
552 3579 577 3644 l.
593 3602 625 3665 p.
641 3597 711 3664 153.
727 3578 840 3665 pluvie,
853 3601 934 3664 ques,
949 3585 1081 3642 auctore
1092 3577 1161 3664 ipso
1172 3599 1248 3662 qno-

203 3687 263 3750 que
312 3667 480 3731 ertulliano
500 3666 532 3729 in
551 3665 614 3730 alio
637 3665 728 3742 libro,
753 3664 833 3749 Imp.
855 3665 958 3728 Marci
984 3664 1140 3728 Antonini
1161 3684 1247 3727 exer·

202 3751 277 3814 citui
293 3753 438 3836 precibus
453 3752 706 3818 Christianorum
721 3751 894 3834 impetratu
908 3759 967 3828 est.

246 3837 328 3902 Ibid.
343 3838 364 3902 l.
376 3856 431 3924 32.
447 3838 536 3902 novit
550 3859 569 3902 ο
592 3837 687 3922 erari]
708 3837 783 3899 For.
798 3835 919 3921 legend.
936 3835 1035 3899 voluit
1049 3835 1181 3920 operari.

247 3923 286 3985 P.
302 3942 371 3989 121.
387 3924 407 3988 l.
421 3925 450 3987 8.
466 3923 549 4009 regit
564 3859 692 4006 divites]
712 3921 785 3985 For.
802 3920 921 4007 dirigu't.

247 4009 328 4074 Ibid.
344 4009 363 4072 l.
380 4029 427 4074 ιο.
443 4011 594 4073 adversus
609 4007 777 4084 hominem,
790 4007 845 4092 qui
856 4029 914 4070 nos
929 4007 1068 4090 undique
1082 4005 1245 4088 observat]

204 4093 283 4158 Haec
302 4117 412 4160 revere
431 4095 471 4159 de
491 4094 618 4159 diabolo
638 4094 772 4159 dicende
791 4101 893 4170 eraut,
917 4093 971 4177 qui
993 4113 1117 4177 semper
1138 4091 1249 4154 circuit

201 4202 338 4265 quercus
351 4203 437 4267 quem
451 4181 579 4246 deuoret.
617 4181 680 4244 Sed
703 4202 766 4264 quo
780 4181 853 4264 jure
871 4179 1018 4242 luninem
1037 4176 1250 4242 Tertullianus

200 4267 411 4352 appellasset?
433 4268 484 4332 De
494 4267 628 4331 ethnicis
639 4287 715 4353 ergo
724 4265 920 4351 principibus
933 4264 1019 4349 loqui
1034 4262 1111 4327 mihi
1123 4263 1248 4327 videtur

201 4361 323 4428 auctor,
354 4353 408 4437 qui
438 4353 515 4416 nihil
544 4374 608 4416 uon
638 4353 804 4427 curabant,
834 4373 855 4415 a
893 4373 932 4414 ne
963 4349 1183 4425 observabunt,
1211 4355 1248 4412 ut

201 4437 454 4504 Christianorum
473 4438 653 4524 reipublicae
672 4444 831 4587 cuperent.
899 4459 1039 4500 omrem.
1085 4435 1249 4520 Repouere

682 4547 700 4586 ιι
754 4543 770 4588 2
