3294 5192
395 445 461 510 350
497 459 512 510 ,·
724 443 1118 510 ᾸΑΝΝΟΤΑΤΙΟΝΕΒ

397 612 458 675 hus
477 611 672 696 compositus
691 619 750 676 est.
795 611 892 677 Unde
910 619 1039 678 constat
1060 634 1174 698 parum
1193 635 1320 680 curasse
1334 613 1447 680 AEli'ri-

398 717 470 760 cunr
484 696 534 760 vel
554 696 717 761 decretum
737 697 814 762 illud
835 698 1012 763 Innocentii
1029 699 1057 762 Ι.
1078 699 1215 764 Romani
1235 701 1383 801 episcopi,
1399 701 1446 766 vel

400 781 542 846 Africani
557 782 679 846 concilii
691 783 730 846 de
744 783 833 847 libris
844 784 1003 848 canonicis
1011 784 1237 849 definitionem.
1266 787 1321 850 Ad
1332 787 1446 851 hbrurn

403 866 489 931 Tota
508 869 592 951 quod
612 868 741 945 attinet,
764 869 825 934 etsi
850 868 878 933 is
903 891 1000 955 supra
1023 871 1146 956 pariter
1168 877 1266 956 atque
1291 871 1353 935 hoc
1377 871 1446 936 loco

398 953 629 1018 Ecclesiasticus
657 975 677 1016 a
707 954 865 1040 Cypriane
893 963 1048 1040 tanquam
1075 955 1241 1041 Scriptura
1270 979 1362 1022 sacra
1390 959 1445 1022 ad·

399 1039 515 1104 ductus
535 1047 595 1114 est,
611 1045 765 1116 attamen,
783 1042 868 1125 quod
883 1041 915 1104 in
930 1041 1135 1126 sequentibus
1149 1043 1189 1106 de
1209 1043 1349 1108 efficacia
1366 1043 1445 1106 elee-

400 1145 538 1208 mosynae
554 1123 631 1188 dicit
649 1125 793 1210 Raphael
807 1127 996 1212 angelusid
1011 1129 1138 1192 demum
1153 1127 1300 1194 Tabithae
1314 1129 1445 1192 resusci-

399 1209 522 1272 tatione
544 1209 578 1272 in
598 1209 734 1275 Actibus
753 1219 885 1276 narrata
900 1209 1139 1298 Apostolorum,
1155 1221 1285 1280 sauctus
1296 1218 1407 1300 {pater
1419 1215 1455 1279 it·

400 1295 581 1379 probatum·
608 1295 679 1358 Vid.
693 1297 721 1378 ξ.
732 1295 771 1360 ἰν.
787 1320 819 1382 p.
832 1299 906 1377 287.

444 1379 482 1444 P.
496 1383 568 1456 206.
583 1379 604 1444 l.
620 1383 669 1444 16.
686 1382 845 1469 operatio]
863 1382 937 1448 Hac
947 1407 1023 1448 voce
1037 1383 1156 1470 passim
1167 1386 1314 1471 designat
1324 1392 1445 1461 auctor,

400 1485 494 1528 omne
509 1465 594 1541 illud,
607 1468 692 1550 quod
703 1469 788 1566 apud
800 1491 857 1532 nos
868 1470 1023 1534 bonorum
1035 1493 1166 1554 operum
1176 1471 1342 1537 notatione
1356 1471 1446 1535 intel·

400 1550 529 1635 ligitur:
554 1553 637 1615 unde
659 1552 704 1616 sic
728 1574 760 1615 nr
781 1554 852 1618 libri
875 1555 969 1640 hujus
990 1556 1086 1622 titulo
1107 1557 1286 1635 adhibetur,
1305 1563 1342 1621 ut
1363 1557 1448 1620 idern

401 1635 443 1700 sit
459 1657 531 1700 curn
545 1637 762 1722 eleemosyna:
780 1648 813 1704 et
828 1649 925 1724 caput
940 1643 1077 1726 primum
1092 1643 1179 1708 tertii
1190 1643 1262 1707 libri
1271 1643 1313 1706 ad
1325 1643 1447 1724 Quirin.

401 1721 593 1799 inscribitur,
616 1723 666 1787 Dc
687 1721 758 1787 torro
779 1731 876 1810 macris
894 1737 922 1790 ct
941 1729 1168 1792 rabcmccrda'oe.
1206 1728 1273 1794 Ubi
1293 1729 1364 1792 vide
1378 1751 1449 1812 quae

401 1807 498 1871 dicta.
522 1808 615 1871 Fsrr.
647 1809 796 1874 Proxime
811 1818 885 1896 post
897 1813 1097 1878 scribendum
1110 1822 1190 1898 puto
1201 1816 1324 1879 imitata
1336 1815 1449 1890 Deum,

401 1892 547 1957 videlicet
562 1894 615 1978 qui
630 1893 662 1956 in
673 1895 834 1979 baptismo
845 1898 1059 1962 remissionem
1071 1908 1273 1984 peccatorum
1282 1901 1451 1964 condonat.

447 1979 483 2040 P.
499 1994 570 2062 297.
595 1979 614 2042 l.
635 2001 661 2044 1.
688 1981 814 2046 salubre
837 1990 871 2047 et
891 1985 1099 2050 emundandis
1124 1987 1360 2072 purgandisque
1381 2007 1452 2075 peo-

402 2064 496 2144 catis]
514 2063 592 2128 Jam
612 2067 720 2130 docuit
740 2069 925 2152 Cyprianus,
941 2070 998 2134 illc
1018 2071 1128 2136 delicta
1148 2095 1216 2159 quar
1230 2075 1363 2158 statuat
1383 2087 1454 2142 aaa

402 2159 555 2214 contracta
571 2151 616 2234 (h.
629 2173 656 2215 e.
671 2159 747 2217 ante
762 2153 969 2238 baptismum)
990 2156 1104 2222 Christi
1117 2162 1262 2244 sasaim
1276 2172 1304 2225 ct
1319 2163 1453 2248 sampi-

402 2235 518 2298 carlom
537 2238 683 2321 perpuri.
728 2239 777 2303 At
801 2262 876 2304 vero
907 2242 1050 2306 Joannes
1072 2246 1236 2330 apostolus
1260 2247 1293 2310 in
1319 2248 1454 2333 epistola

403 2341 470 2396 sua,
495 2320 535 2384 de
566 2323 712 2386 omnibus
740 2331 774 2388 et
799 2326 930 2410 singulis
959 2331 1097 2412 peccatis
1126 2353 1234 2417 agens,
1261 2333 1309 2397 ait
1332 2356 1398 2419 cap.
1420 2335 1453 2398 ii.

403 2426 508 2467 comm
538 2426 563 2469 1.
580 2413 613 2471 et
630 2425 658 2471 a.
682 2409 796 2473 Filioli
808 2413 877 2487 urci,
892 2413 956 2477 lraec
970 2413 1066 2478 acribo
1086 2415 1175 2491 coda,
1192 2427 1226 2480 at
1239 2440 1299 2482 acc
1315 2422 1454 2504 peccetis.

404 2489 468 2553 aad
479 2499 508 2552 ct
521 2492 550 2553 sa'
563 2493 631 2576 qais
638 2496 818 2576 peccaverit,
833 2497 1012 2563 advocatam
1026 2499 1165 2566 tatemer
1177 2504 1285 2568 Jcsraa
1301 2505 1455 2570 Classiam

394 2574 525 2658 jartam.
562 2577 1007 2669 Etipsccstprcpitictr'opro
1024 2589 1292 2670 peccatisnostris.
1324 2591 1454 2656 Etenim

404 2660 560 2742 Christus,
577 2663 664 2726 Deus
686 2672 720 2728 et
741 2665 846 2745 homo,
861 2669 958 2734 tortia
979 2681 1021 2734 eat
1041 2693 1100 2736 coa
1121 2684 1239 2738 taatran
1253 2698 1315 2760 pro
1330 2689 1454 2762 peccato

402 2746 541 2829 criptula,
555 2748 608 2811 aad
620 2749 712 2812 ctiam
719 2773 781 2835 pro
794 2755 930 2819 omnibus
943 2757 1113 2823 sauctitas
1129 2760 1281 2825 domicum
1293 2766 1451 2847 pcccatis,-

424 2838 498 2895 rout
522 2831 554 2896 iu
576 2835 729 2900 Animas
750 2839 846 2902 Fidei
870 2863 935 2906 suae
960 2843 1091 2908 ecclesia
1114 2846 1251 2932 Anglica
1272 2850 1451 2932 profitetur.

401 2853 484 2980 hide
510 2917 542 2980 in
569 2919 687 2984 Christi
710 2925 895 3008 sanguinem
918 2936 1051 3011 peccata
1072 2932 1186 2996 omnia‘
1200 2944 1388 3019 purgantur,
1413 2959 1452 3002 ac

401 3001 464 3066 fide
483 3025 580 3087 opera
602 3005 686 3070 bona
707 3007 787 3073 liunt
807 3011 946 3076 efficacia
964 3014 1007 3077 ad
1026 3015 1298 3099 justificationem.
1335 3022 1452 3090 Confer

402 3088 436 3151 S.
450 3088 474 3151 J
475 3089 566 3153 acobi
575 3091 676 3175 Epist.
687 3092 718 3156 ii.
733 3113 782 3174 24.
799 3103 833 3160 et
848 3096 880 3160 S.
894 3098 986 3162 Pauli
1001 3101 1047 3163 cd
1059 3103 1163 3167 Titum
1171 3103 1214 3168 iii.
1227 3106 1257 3168 8.
1275 3127 1322 3188 14.
1347 3109 1449 3176 Porro

400 3183 545 3257 oporatur
563 3177 630 3240 ideo
648 3179 723 3262 qaia
741 3179 845 3258 credit,
861 3183 941 3246 bene
960 3184 1007 3248 ait
1022 3187 1198 3272 Cyprianus
1214 3199 1291 3256 ante
1310 3195 1449 3262 medium

401 3259 485 3322 huuc
506 3259 646 3326 libellum
674 3264 704 3345 ξ.
715 3285 746 3348 5.
769 3266 826 3329 sed
847 3268 912 3332 lere
938 3268 1056 3334 ibidem
1082 3276 1198 3340 statuit
1222 3278 1446 3366 admonetque,

400 3343 497 3407 citam
519 3355 663 3410 meacm
690 3349 928 3452 Christianum
942 3358 1110 3439 pretiosam
1130 3361 1168 3425 de
1183 3365 1447 3447 peramoenum

400 3431 927 3588 ttmttttttttttadt
941 3444 1446 3610 ttatffitltttmsstt

399 3599 535 3664 tioribus
550 3602 677 3684 quidem
692 3604 847 3693 theologis
867 3609 1012 3676 videatur
1027 3614 1212 3700 Cyprianus,
1228 3621 1397 3708 Origencm
1412 3627 1447 3691 ia

399 3684 459 3748 hac
474 3707 509 3749 re
523 3685 664 3772 aliosque
678 3697 801 3756 veteres
815 3693 986 3779 scriptores
996 3699 1149 3767 imitatas.
1191 3705 1256 3770 Sed
1270 3709 1368 3774 etiam
1383 3711 1446 3776 Po-

398 3768 544 3855 lyoarpus
565 3773 597 3834 in
619 3776 746 3861 egregia
769 3799 827 3842 sua
846 3781 1087 3866 epistola§.1o.
1112 3787 1172 3852 hoc
1194 3793 1325 3872 monuit,
1346 3797 1447 3876 Quum

391 3857 515 4004 wis
535 3855 712 3942 benefacere,
734 3863 826 3928 colite
847 3865 882 3928 dt
955 3891 979 3946 c,
1000 3872 1075 3955 qaia
1096 3873 1277 3961 ebcnosyac
1297 3880 1336 3944 de
1352 3894 1448 3950 arone

416 3941 424 3956 '
471 3951 513 4019 ct,
536 3950 653 4008 testem
681 3947 793 4026 citans,
820 3955 1084 4034 quemadmodum
1114 3959 1299 4045 Cyprianus,
1329 3966 1447 4036 librum

402 4024 488 4091 rota
503 4028 556 4092 xii.
570 4051 601 4108 4.
639 4029 685 4095 Et
700 4033 846 4100 Christus
865 4038 932 4122 ipse
947 4062 1044 4124 opera
1058 4044 1281 4114 misericordias
1296 4073 1334 4115 ac
1349 4052 1444 4120 bene-

398 4109 478 4188 ficia,
495 4135 566 4196 quae
581 4115 613 4178 in
628 4139 702 4182 suos
720 4120 837 4186 collata
855 4123 982 4204 luerint,
998 4135 1121 4193 aterna
1134 4131 1285 4199 felicitate
1299 4157 1444 4206 remune

397 4202 542 4296 ratarum
562 4222 596 4264 sc
616 4224 684 4267 esse
699 4205 873 4289 pollicetur.
912 4211 960 4275 At
974 4233 1049 4276 vero
1062 4214 1123 4280 hoc
1142 4216 1208 4296 liet,
1228 4242 1291 4284 non
1311 4233 1445 4310 propter¹

397 4289 546 4346 mentum
570 4290 741 4353 eorundem
763 4314 903 4378 operum,
926 4298 983 4360 sed
1004 4307 1136 4384 propter
1154 4303 1273 4371 Christi
1297 4319 1443 4392 mortem,

396 4366 638 4454 pactionemque
652 4374 720 4458 ejus
734 4397 805 4441 cum
819 4378 999 4446 homiuibus
1014 4384 1257 4454 misericordem.
1310 4449 1314 4456 .
