3314 5190
283 457 496 522 ANNOTT.
521 458 572 522 IN
597 459 630 520 S.
655 459 794 524 CYPR.
823 459 884 524 DE
908 457 1125 524 MORTAL.
1170 460 1230 523 841

189 627 364 729 stipulante
384 628 543 694 traotatus
560 629 661 694 totius
680 637 801 704 tenore,
817 630 1073 713 pronunciamus.
1118 631 1235 717 Soripti

189 713 284 798 hayus
303 713 447 780 meminit
466 714 611 792 Pontius,
628 716 681 800 qui
700 722 734 780 et
753 715 912 800 egregiam
931 738 952 780 a
969 717 1128 802 Cypriane
1146 726 1237 802 peste

189 800 409 866 laborantibus
431 807 464 865 et
483 801 597 866 exinde
617 801 751 866 mortuis
771 807 921 866 navatem
944 823 1073 886 operam
1093 803 1236 887 pluribus

189 885 382 970 exsequitur.
423 886 623 972 Augustinus
636 887 692 951 lib.
708 888 749 951 de
769 886 958 952 Praedestin.
980 888 1088 954 Senot.
1104 889 1160 964 ait,
1180 889 1236 972 Gy·

183 972 297 1056 priani
322 971 434 1036 librum
455 973 492 1036 de
512 973 713 1051 umatus,
736 972 841 1036 mulis
864 996 902 1036 ae
921 997 999 1058 pene
1021 973 1159 1038 omnibuis
1182 975 1238 1059 qui

188 1056 518 1124 scamnalium
536 1068 651 1136 amant,
666 1056 865 1122 hudablliter
878 1070 988 1124 mrum.
1033 1059 1122 1126 citat
1138 1059 1237 1126 etiam

190 1142 251 1228 Ep.
271 1162 342 1223 107.
364 1144 408 1207 ad
434 1143 534 1209 Vital.
558 1165 616 1209 neo
638 1165 701 1209 non
723 1144 778 1208 lib.
796 1143 841 1208 ΙΙ.
863 1145 935 1210 adv.
957 1144 1078 1210 Julian.
1101 1153 1188 1211 cont.
1207 1165 1236 1210 2.

191 1227 293 1378 IElpist.
306 1228 416 1314 Pelag.
425 1229 479 1294 lib.
493 1229 553 1294 IV.
569 1251 596 1294 o.
610 1229 638 1293 8.
665 1229 794 1294 Pariter
804 1229 915 1294 laudat
924 1230 1040 1296 Euseb.
1053 1239 1111 1295 aut
1122 1231 1237 1296 saltem

226 1314 324 1380 ieron.
347 1314 380 1378 in
402 1315 519 1382 Obron.
545 1315 674 1380 Firmus.
720 1315 828 1400 Hujus
850 1315 922 1380 libri
942 1337 1014 1380 oum
1035 1317 1129 1382 laude
1150 1339 1237 1382 men-

190 1399 310 1465 tionem
331 1421 415 1484 saepe
436 1401 514 1466 feeit
535 1409 664 1468 sanetus
687 1400 897 1486 Augustinus,
920 1401 953 1466 in
974 1402 1084 1502 primis
1105 1425 1180 1468 vero
1203 1402 1236 1466 in

189 1484 271 1550 libro
288 1487 328 1550 de
351 1486 638 1552 Praedestinatione
659 1487 849 1553 Sanctorum
871 1489 1126 1573 o.14.1nquiens
1148 1489 1236 1552 illum

190 1570 299 1636 multis
320 1594 358 1638 ao
381 1595 462 1659 pene
482 1573 627 1638 omnibus
649 1573 703 1658 qui
728 1573 957 1638 ecelesiastioas
978 1573 1104 1640 litteras
1125 1581 1237 1640 amant

190 1656 392 1723 laudabiliter
406 1667 528 1724 notum.
576 1659 665 1723 Idem
685 1660 719 1723 in
738 1659 873 1743 epistola
891 1659 935 1722 ad
951 1658 1093 1725 Vitalem
1110 1661 1157 1725 ait
1177 1661 1237 1744 Gy-

189 1742 293 1828 priani
308 1743 340 1807 in
355 1743 415 1808 hoo
429 1745 498 1810 loeo
513 1751 617 1810 totam
632 1745 841 1809 intentionem
855 1766 924 1810 esse
939 1751 977 1810 ut
995 1744 1132 1810 soiamus
1146 1745 1237 1812 bonis

190 1828 335 1894 fidelibus
348 1830 574 1915 gratulandum
588 1853 657 1894 esse
672 1829 889 1908 morientibus,
905 1831 1033 1914 quando
1047 1831 1121 1896 vitoe
1132 1837 1237 1896 tenta·

190 1913 331 1980 tionibus
343 1916 540 1994 auferuntur,
557 1915 704 2000 deinoeps
719 1915 751 1980 in
765 1915 949 1980 beatissima
963 1916 1135 1982 seouritate
1149 1938 1238 1980 nran-

190 1999 265 2066 suri.
312 2001 465 2067 E'usdem
478 2001 551 2066 libri
566 2001 709 2066 meminit
724 2000 882 2066 Eusebius
896 2001 928 2066 in
943 2002 1116 2067 Ohronioo:
1139 2003 1237 2066 Pesti-

190 2085 253 2152 lens
388 2137 396 2167 ‚
417 2086 529 2171 inquit,
545 2086 656 2152 metm
673 2087 763 2151 totius
781 2084 860 2150 orbis
876 2088 1053 2172 prosimos
1071 2089 1236 2172 occuparit,

190 2173 376 2258 omninoque
394 2173 621 2238 namnum
639 2181 666 2236 et
687 2174 869 2256 Aleyptum,
885 2182 919 2236 ar
938 2172 1044 2238 scribit
1060 2174 1237 2256 Dionysius,

190 2268 219 2322 et
240 2259 392 2346 oppetam
410 2259 448 2324 ds
468 2259 662 2324 Mortalitats
675 2259 757 2322 tertis
777 2268 819 2322 est
837 2257 923 2322 liber.
968 2258 1035 2322 Ubi
1053 2259 1123 2324 vide
1144 2266 1238 2323 notas

190 2344 213 2408 J
292 2345 324 2409 hi
340 2345 500 2431 Scaligeri.
545 2345 669 2410 Eadem
687 2344 786 2410 hebet
799 2343 897 2408 etiarn
912 2344 936 2407 J
937 2344 1095 2410 ornandos
1109 2344 1142 2408 in
1156 2343 1238 2408 libro

191 2366 362 2496 dgeffibus
384 2431 515 2508 Getieis,
535 2431 590 2495 ubi
610 2429 721 2495 soribit
742 2430 826 2496 hano
849 2429 971 2494 sladem
992 2429 1240 2516 lacrymabiliter

191 2517 370 2602 expositam
394 2539 415 2582 a
440 2517 603 2602 Dionysio,
629 2537 721 2618 pum
745 2525 773 2580 et
798 2525 903 2594 meter,
928 2515 1041 2601 inquit,
1064 2515 1240 2601 semetpsit

191 2602 367 2668 mobiles
387 2613 507 2687 martyr
530 2603 644 2668 Olmirts
665 2603 818 2688 episeopus
841 2603 1015 2688 prrianue
1035 2602 1071 2666 in
1091 2600 1168 2665 libro
1189 2602 1240 2666 ersi

191 2689 298 2752 titulae
311 2699 354 2754 ert
367 2688 404 2753 de
416 2689 619 2754 Mortalitute.
651 2689 734 2752 Eam
747 2688 962 2773 pestilentiam
977 2687 1135 2753 Eusebius
1149 2687 1239 2773 ponit

191 2781 265 2857 post
279 2782 415 2839 mortem
429 2795 521 2860 papae
536 2773 682 2852 Cornelii,
699 2774 850 2838 Petsvius
864 2774 917 2838 lib.
928 2773 1029 2838 ΧΙΙΙ.
1042 2773 1083 2838 de
1093 2773 1240 2838 doctrina

192 2866 372 2944 temporum
386 2881 470 2925 anno
486 2860 657 2958 superiore.
702 2859 748 2923 Et
765 2866 873 2924 tumen
891 2858 1139 2944 (lhristophorus
1160 2859 1239 2922 San-

193 2943 264 3008 dius
284 2945 369 3010 buno
391 2945 541 3030 Cypriam
561 2951 738 3009 traotatum
759 2944 886 3028 reponit
909 2944 1066 3008 intereos
1088 2942 1142 3027 qui
1166 2965 1239 3028 sup-

192 3031 289 3115 positi
315 3037 390 3095 suut
414 3037 527 3096 saneto
551 3028 696 3128 martyri.
740 3027 769 3092 E
808 3027 877 3113 egis
901 3049 976 3094 vero
1002 3027 1089 3090 illum
1118 3027 1239 3093 refutat

193 3115 384 3182 olarissimus
414 3114 606 3180 Pearsonius
633 3135 666 3178 rn
694 3135 757 3178 ann
791 3113 861 3177 ibus
891 3113 936 3198 Cy
959 3112 1095 3176 riuniois.
1133 3112 1240 3178 Nimia

193 3201 320 3268 miseria
334 3209 384 3267 est
398 3201 551 3266 andanem
562 3221 631 3264 esse
641 3199 801 3263 bominem
815 3197 917 3263 nimis.
972 3221 1110 3262 sunzrus.
1139 3197 1240 3264 Recte

193 3288 339 3352 additum
352 3287 449 3352 luisse
463 3309 485 3352 a
498 3284 682 3352 doctissimo
697 3283 789 3349 Fello
810 3286 895 3367 quod
910 3283 961 3348 ille
983 3283 1023 3347 de
1043 3283 1240 3369 Hieronymo

192 3374 299 3458 posuit
314 3381 398 3440 notae
410 3395 475 3440 suoe
490 3372 563 3448 fine,
574 3371 715 3436 ostendit
731 3368 845 3435 Versio
860 3368 1053 3434 Armeniam
1068 3369 1240 3435 Emebiani

193 3459 349 3538 (lbi-ouini,
395 3481 444 3524 uoe
470 3458 520 3522 his
544 3458 672 3522 demum
693 3455 891 3541 temporibus
912 3454 1029 3541 publioi
1050 3454 1133 3539 juris
1153 3456 1241 3520 saeta

185 3553 253 3624 ,sst‚
268 3546 322 3610 ubi
342 3567 364 3610 n
408 3565 463 3609 um
481 3549 574 3609 extat
592 3543 760 3608 verborum
779 3541 822 3607 ab
840 3541 1039 3626 Hieronymo
1057 3541 1240 3606 auditorum

238 3801 276 3866 P.
288 3766 359 3886 27⁹7.
375 3802 397 3866 l.
414 3821 463 3888 13.
478 3799 623 3866 veritatis
637 3800 758 3882 errore]
777 3798 833 3862 Ha
872 3805 888 3863 t
903 3797 1034 3862 Tacitus
1047 3797 1130 3862 Hist.
1143 3797 1174 3861 ii.
1188 3815 1240 3878 72.

193 3909 294 3954 errore
312 3889 388 3965 reri,
407 3887 477 3954 be.
497 3883 678 3972 ignorantia
697 3884 744 3950 rei
762 3883 811 3948 vel
831 3883 918 3948 laeti.
955 3884 1049 3949 Gens.
1072 3881 1241 3950 Foroellini

194 3974 327 4039 Larisos
341 3975 414 4040 Lat.
428 3993 504 4038 vooe
518 3972 629 4036 Enor.

237 4060 276 4124 P.
291 4061 362 4141 278.
377 4060 397 4124 l.
415 4079 462 4123 ιι.
478 4063 633 4143 perpetua
646 4053 773 4138 laetitia]
792 4052 897 4118 Extat
911 4051 944 4117 in
958 4059 1052 4119 textu
1067 4053 1241 4120 Beluaiano

187 4155 339 4245 papatus
359 4144 514 4218 amnites,
530 4141 586 4206 sed
610 4139 768 4204 invenitur
787 4138 881 4204 lertio
901 4138 1013 4216 altera,
1035 4161 1131 4223 quam
1154 4161 1242 4204 revo-

193 4231 395 4310 oamoumin
406 4228 552 4294 omnibus
559 4225 649 4290 libris
657 4224 761 4302 editis,
771 4223 1031 4309 tuminsoriptis,
1041 4245 1121 4310 quos
1131 4245 1241 4290 oonsu-

193 4313 259 4380 lere
279 4316 358 4382 mihi
375 4315 473 4392 bonit,
495 4313 619 4377 duobus
640 4331 753 4395 nempe
773 4310 853 4374 Novi
874 4308 1005 4396 collegii
1022 4310 1192 4388 oodioibus,
1208 4317 1242 4376 et

198 4410 337 4485 quatuor
344 4423 441 4486 penes
449 4421 499 4464 me
508 4396 726 4473 membraneis,
739 4396 880 4480 equibus
891 4395 1158 4460 Meermannunus
1167 4397 1243 4460 duo·
