3294 5192
404 545 468 612 406
738 547 1118 613 ANNOTATIONES

401 717 467 782 tius
482 715 691 782 leodicenus.
735 717 799 781 Sed
813 717 936 782 interes
954 718 1074 803 absque
1088 739 1242 782 consensu
1256 719 1365 805 populi
1385 719 1449 804 epi-

402 824 515 888 scopos
536 803 574 866 iis
595 801 792 888 temporibus
805 802 902 867 luisse
922 804 1123 882 constitutos,
1138 804 1225 868 bend
1247 805 1370 889 opinari
1392 827 1451 869 noe

402 889 511 953 sinunt
525 888 694 953 electiones
707 889 813 972 episco
856 909 926 952 rum
943 889 1087 973 plurimae
1105 889 1147 954 eb
1167 890 1352 956 auctoribus
1366 911 1451 954 oom-

402 980 597 1038 memoretae.
643 973 745 1038 Porro
764 973 797 1037 in
812 911 862 1037 lib
878 974 974 1038 rebus
993 974 1107 1060 pertici
1150 975 1230 1040 ticni
1245 975 1389 1060 populari
1404 977 1450 1040 lu·

403 1068 456 1123 vet
471 1059 627 1144 cumipse
645 1057 714 1122 haec
735 1059 874 1144 synodus
889 1059 1021 1124 Nicsenc
1041 1059 1074 1124 in
1142 1060 1238 1125 istolc
1251 1061 1295 1124 cd
1309 1061 1449 1125 Alexan-

403 1143 512 1208 drinos
536 1144 622 1228 epud
642 1143 808 1208 Socratem
829 1145 852 1207 i.
869 1165 900 1228 9.
921 1145 1029 1230 positu
1047 1167 1068 1210 c
1087 1083 1180 1210 nobis
1199 1145 1233 1209 in
1252 1146 1449 1230 Appendice,

403 1235 473 1294 tum
487 1229 617 1295 Concilii
632 1229 827 1294 Serdicensis
842 1229 952 1294 Oenon
967 1230 1028 1294 VI.
1058 1229 1141 1295 Oleri
1156 1231 1291 1315 denique
1302 1238 1336 1296 et
1350 1231 1451 1317 plebis

403 1335 590 1378 consensum
607 1315 641 1378 in
660 1315 865 1378 electionibus
884 1323 1064 1380 memorent
1086 1315 1217 1380 Sirioins
1235 1337 1320 1401 pepe
1334 1323 1367 1381 et
1384 1315 1450 1380 Leo

405 1399 454 1463 M.
469 1400 502 1463 in
517 1400 653 1463 Decretis
675 1400 749 1478 suis,
765 1399 817 1464 ille
832 1421 901 1485 cap.
913 1423 955 1478 x.‚
976 1400 1028 1465 hic
1043 1423 1118 1466 vero
1133 1423 1223 1486 capp.
1241 1423 1290 1464 xv.
1306 1409 1340 1466 et
1355 1423 1449 1466 xxxv.

404 1491 438 1548 et
453 1485 559 1548 xxxvi.
603 1485 649 1549 Et
659 1485 803 1549 conseras
817 1507 888 1570 quae
903 1487 946 1550 ed
961 1485 1134 1550 Eusebium
1148 1487 1232 1551 Ht'et.
1246 1487 1330 1552 Eccl.
1346 1487 1386 1550 vi.
1394 1506 1450 1571 43.

406 1569 554 1634 Valesius
578 1571 754 1649 annotavit,
781 1570 1010 1656 conciliumque
1032 1572 1184 1672 Gertheg.
1202 1570 1258 1636 IV.
1281 1572 1367 1658 epud
1390 1573 1451 1656 (ly-

404 1653 560 1742 prianum‚
585 1655 807 1740 episteme!
826 1657 877 1733 68,
901 1678 1001 1742 prope
1023 1657 1095 1722 init.
1118 1657 1173 1721 ubl
1200 1663 1233 1722 et
1256 1664 1452 1722 memoretur

403 1739 622 1826 episcoporum
648 1741 789 1824 ejusdem
814 1742 983 1826 provinoioe
1002 1749 1185 1822 conventus,
1209 1743 1311 1828 qualis
1333 1743 1367 1806 in
1389 1743 1451 1807 hoo

403 1847 524 1890 cenone
538 1826 729 1912 agnoscitur.
880 1914 889 1940 ι
938 1917 953 1936 ἢ
1195 1916 1210 1934 .

404 1912 622 2061 haidinliieii
630 1912 1451 2082 <liiseblitirilbmmbtiblpliolitllrlblwllobleiollieiitlisbiriii

405 2081 596 2146 Bulduinum
617 2082 667 2146 De
688 2081 817 2166 neptem
840 2083 1030 2147 Omutcctici
1053 2085 1103 2148 M.
1129 2083 1183 2147 lib.
1203 2105 1230 2148 1.
1253 2106 1283 2169 p.
1300 2102 1353 2167 74.
1374 2083 1449 2148 edit.

406 2165 493 2252 Lips.
517 2167 914 2254 HoecposuitBeveregius
925 2168 957 2232 in
969 2168 1251 2246 Annotetionibus,
1264 2168 1452 2232 “Nimirum

405 2259 425 2288 “
440 2259 549 2338 putres
563 2253 596 2316 in
611 2261 726 2337 quarto
741 2275 861 2318 cunone
875 2254 1119 2333 constituerunt,
1135 2261 1172 2319 ut
1187 2255 1326 2340 episcopi
1339 2254 1451 2318 electio

406 2343 425 2373 “
440 2359 461 2401 a
490 2338 610 2422 synodo
638 2339 706 2416 fiat,
736 2346 770 2404 et
798 2361 819 2403 a
847 2339 1093 2424 metropolitano
1119 2340 1343 2414 confirmetur;
1373 2338 1451 2402 nibil

406 2430 427 2460 “
442 2429 550 2487 entem
573 2423 617 2486 ibi
639 2425 853 2502 decreverunt,
882 2424 957 2509 qnid
980 2425 1160 2488 laciendum
1178 2431 1238 2502 est,
1264 2425 1291 2488 si
1310 2425 1351 2488 de
1373 2425 1450 2488 elec·

406 2514 425 2542 “
441 2508 527 2606 tione
538 2509 634 2592 juxte
648 2508 744 2607 istum
755 2530 911 2610 canonem
922 2511 1010 2610 laete
1023 2509 1238 2609 controversie.
1252 2509 1358 2609 eliqua
1368 2510 1452 2610 iuter

406 2685 426 2712 «ι
441 2613 605 2742 {tlte}
622 2595 1452 2766 tuttllltltlltl¹⁰mlttll¹3tt..ll

406 2767 426 2798 ‘⁴
441 2763 658 2847 episcoporum
671 2764 773 2848 pertis
787 2765 938 2851 sufficgio
952 2765 1174 2850 praevcleent.”
1188 2787 1219 2852 p.
1232 2769 1285 2832 60.

801 2907 954 2973 OANON
977 2907 1057 2972 VII.

450 3016 531 3083 Ibid.
542 3018 564 3081 l.
575 3019 623 3083 16.
639 3018 732 3102 ἐχέτω
743 3018 798 3097 τὴν
813 3019 993 3082 ἀκολουθίαν
1006 3021 1058 3097 τῆς
1069 3019 1152 3097 riuus
1162 3018 1235 3102 dic]
1254 3017 1376 3083 Notum
1387 3039 1453 3080 om·

405 3104 498 3169 nibus
513 3111 572 3182 est,
588 3104 767 3168 Oaesereem
781 3103 856 3166 olim
875 3103 972 3167 fuisse
987 3102 1169 3168 Pelaestinae
1183 3103 1393 3202 metropolim
1418 3111 1453 3168 et

404 3195 561 3274 praeterea
576 3196 711 3264 constet,
728 3189 813 3273 quod
828 3188 955 3274 quidem
970 3195 1077 3252 monet
1093 3188 1283 3274 Bevcregius
1297 3209 1329 3252 ιιι
1342 3188 1452 3251 Αιιιιο-

404 3274 580 3340 tationibus
594 3277 637 3338 cd
656 3275 840 3358 Synodiccm
860 3295 961 3350 sunm,
983 3273 1171 3358 Hieronymi
1192 3295 1317 3358 quoque
1331 3281 1453 3358 tempo-

405 3360 502 3438 ribus,
519 3361 574 3424 diu
589 3360 736 3445 posthoc
751 3359 924 3436 concilium,
937 3359 1046 3437 AEliae,
1062 3381 1118 3423 seu
1134 3358 1373 3444 Hierosolymm,
1388 3381 1453 3424 me-

406 3446 904 3530 tropolitanumluisseGaesereae
920 3444 1112 3528 episcopum.
1150 3444 1279 3509 Interea
1287 3445 1454 3508 verisimile

405 3531 531 3595 videtur
541 3531 627 3610 mihi,
640 3531 721 3595 hanc
730 3531 849 3596 docente
858 3531 1103 3614 consecretalem,
1116 3551 1170 3593 seu
1181 3537 1326 3594 vertente
1337 3529 1454 3593 Rufino

403 3615 523 3680 temris
531 3618 780 3702 praeruyctc'ccm,
795 3617 838 3681 ed
852 3615 1105 3700 praeminenticm
1120 3616 1280 3699 quendem
1294 3615 1454 3699 pertinere

404 3700 438 3764 in
463 3703 636 3786 majoribus
661 3703 788 3786 synodis
811 3709 931 3765 senctae
957 3700 1045 3764 urbis
1070 3700 1224 3785 episcopis
1249 3702 1292 3765 ab
1320 3701 1454 3785 antiqno

406 3807 608 3862 concessam
633 3787 665 3850 in
688 3787 891 3852 conciliorum
914 3785 988 3849 licet
1012 3786 1203 3850 sessionibus
1222 3785 1309 3850 baud
1329 3807 1454 3870 semper

404 3873 615 3938 observatum.
653 3874 757 3938 Porro
776 3879 883 3936 autem
903 3871 1044 3935 notabile
1063 3878 1114 3935 est
1135 3871 1221 3948 illud,
1245 3872 1331 3956 quod
1354 3870 1454 3935 Euse-

404 3958 476 4059 bius
491 3958 524 4022 in
536 3959 682 4059 llistome
693 3981 759 4036 sua,
771 3958 830 4058 ‘ubi
841 3966 1112 4058 'commemoretur
1126 3956 1261 4057 epistole
1276 3957 1453 4056 dlexsndri

405 4041 1454 4212 tlltll.ltt..¹‚ltttntt⁰..llttlltttltlltl

405 4213 497 4277 elteri
512 4215 698 4280 Oaescriensi
711 4215 896 4300 praeposuit.
972 4215 1050 4278 tiem
1066 4213 1235 4299 significcri
1255 4213 1315 4276 hoc
1333 4233 1454 4276 oenone

404 4298 547 4363 ordinem
576 4301 644 4384 ejus
669 4307 743 4384 post
772 4301 936 4384 episcopos
968 4300 1157 4376 Romanum,
1188 4297 1452 4374 Alexandrinum,

406 4381 650 4462 Antiochenum,
666 4386 756 4449 ciunt
771 4387 923 4464 Zonaras,
939 4385 1055 4469 aliique
1074 4385 1107 4448 in
1125 4383 1368 4449 Commentariis
1387 4383 1455 4446 suis

404 4466 601 4552 interpretes.
648 4470 784 4534 Addidit
799 4472 951 4549 Zonaras,
969 4471 1022 4555 qui
1036 4471 1104 4555 ipse
1119 4476 1225 4536 totum
1240 4489 1392 4534 cononem
1413 4469 1454 4534 de
