3294 5192
378 445 442 510 418
712 444 1093 510 ANNOTATIONES

381 617 500 682 Statim
513 621 622 682 sutem
636 622 710 702 post
726 616 863 680 Eudoxii
874 615 998 680 obitum
1012 615 1072 688 hoc
1087 637 1202 678 nomen
1217 616 1363 700 usurpari
1378 617 1437 680 de·

381 703 444 778 siit,
458 709 491 767 ct
505 703 641 787 posteris
655 725 736 788 pene
750 703 933 768 inauditum
944 709 1003 776 est,
1015 701 1099 766 unde
1114 701 1287 786 Gregorius
1298 723 1436 786 mugnus

382 789 416 853 in
437 788 583 873 Epistola
602 789 644 853 od
665 787 834 872 Eulogium
852 788 1115 864 Alexandrinum,
1131 788 1301 865 Proeterea,
1317 787 1435 872 inquit,

383 875 464 938 idem
477 875 587 959 frater
599 883 697 938 uerior
715 875 817 938 crucis
832 875 866 938 ic
883 873 947 937 suos
959 874 1111 956 modieis
1127 873 1191 937 Deo
1211 882 1316 937 autom
1334 873 1436 936 catto

383 961 440 1024 lice
461 959 574 1024 mulus
594 969 646 1024 cst.
694 960 851 1038 medam
872 981 941 1022 cero
961 959 1139 1023 Ecclesium
1160 959 1328 1036 damnauit,
1348 981 1437 1043 quem

384 1047 525 1130 usquein
545 1045 667 1130 synodis
687 1046 866 1110 mumdum
887 1046 1064 1123 invenimus,
1082 1067 1174 1130 oeque
1196 1067 1216 1108 a
1238 1042 1437 1109 demeum

383 1133 447 1196 scis
475 1131 510 1194 ic
536 1133 600 1196 suu
627 1132 749 1215 syoodrs
781 1129 983 1216 reprobatum.
1037 1133 1133 1216 Greg.
1163 1130 1269 1215 Epist.
1298 1129 1352 1195 lib.
1368 1129 1434 1193 Vl.

386 1217 490 1302 Epist.
505 1234 577 1302 125.
609 1217 693 1282 Sene
708 1239 771 1281 non
786 1217 854 1302 ipse
868 1216 1044 1294 Eudoxius,
1060 1217 1116 1281 sed
1131 1224 1239 1281 temen
1253 1215 1435 1280 Eudoxieni

407 1304 546 1368 raesenti'
569 1325 689 1368 cunone
722 1303 840 1367 diserte
873 1304 1077 1367 damnantur.
1125 1301 1206 1366 Haeo
1228 1301 1434 1366 Brvmnurus.

421 1390 498 1454 erbe
521 1389 667 1476 Gregorii
696 1395 780 1465 suut,
808 1389 862 1473 qui
892 1389 925 1452 in
955 1389 1024 1452 loco
1055 1387 1209 1473 superiori
1234 1389 1275 1451 dc
1301 1387 1436 1472 Gyriaco

386 1473 1144 1560 patriarchsGPol.loquitur,eitqueRomunum
1153 1473 1435 1538 ecclesicmhccte-

387 1582 447 1624 nus
472 1561 558 1626 houd
578 1560 733 1646 recepisse
760 1582 896 1625 canones
921 1561 1016 1645 hujus
1039 1559 1160 1646 synodi,
1188 1560 1243 1624 sod
1269 1567 1378 1624 tumen
1402 1559 1436 1622 in

387 1647 448 1711 hoo
463 1647 564 1732 ipsum
579 1647 734 1732 synodum
747 1646 921 1724 admisisse,
937 1647 1023 1732 quod
1037 1647 1079 1710 ub
1094 1668 1132 1711 ec
1147 1645 1316 1710 damnetur
1328 1645 1436 1710 Maee-

388 1733 510 1810 donius‚
533 1735 579 1797 Et
599 1754 724 1797 canones
744 1732 866 1818 quidem
889 1732 1211 1818 Omutardicopcls'lmsi
1227 1730 1349 1795 concidi
1369 1732 1436 1794 Eu-

387 1819 531 1883 dccc'ccos
544 1819 702 1883 dcmcccl.
747 1818 811 1882 Sed
823 1820 890 1903 quas
903 1819 1007 1902 suerit
1023 1840 1124 1883 eorum
1142 1827 1246 1882 codor
1265 1817 1436 1892 Eustasius,

388 1905 511 1968 minime
524 1905 641 1969 diceus.
686 1903 750 1968 Sed
767 1903 863 1968 misso
883 1903 1039 1983 Eudoxio,
1054 1903 1174 1990 liquido
1191 1903 1282 1968 nobis
1299 1909 1435 1977 constet,

388 1997 516 2055 centum
537 2012 637 2055 ennos
681 1997 732 2055 ost
754 1990 900 2074 Gregorii
920 1998 1047 2075 tempus
1065 2011 1201 2054 oenones
1220 1994 1358 2074 quatuor
1374 1988 1436 2074 pri-

388 2099 460 2141 ores
471 2077 565 2162 hujus
576 2013 687 2162 synodi
698 2076 839 2142 GPtsnae
850 2077 892 2141 ub
903 2076 1034 2142 ecclesis
1048 2075 1194 2142 Romans
1201 2081 1346 2160 reseptos
1357 2096 1435 2150 esse,

390 2160 1438 2314 tritt?1⁰⁰lzssltt⁰³lssltllttldlldd³⁸ttff

390 2333 438 2397 vel
456 2342 532 2398 ente
550 2335 695 2419 Gregorii
715 2335 762 2398 M.
783 2298 941 2420 tempore,
951 2357 1005 2400 eos
1027 2335 1060 2398 in
1082 2334 1255 2399 canonibus
1274 2332 1339 2398 suis
1361 2332 1438 2396 Dic·

390 2419 497 2503 nysius
513 2421 657 2506 Exiguus
671 2427 876 2520 repcsucrct;
899 2443 977 2505 quos
996 2421 1123 2506 quidem
1142 2419 1288 2505 Dionysii
1302 2439 1438 2483 canones

390 2504 522 2652 anulis
543 2504 849 2654 ejryphgiussyodorusl
865 2506 898 2607 ip
922 2507 1057 2656 Dm
1072 2507 1165 2570 ,dccli⁸
1186 2504 1437 2655 cazdxyiiibsit,

448 2611 477 2652 cc
497 2611 554 2653 usu
653 2611 765 2654 emmo
787 2612 941 2656 ecrescere
1058 2613 1130 2656 mm
1285 2613 1307 2654 s.
1380 2611 1439 2653 rae·

391 2681 458 2739 stet
487 2674 621 2760 denique
650 2674 709 2739 hos
755 2683 872 2741 uetuor
901 2699 1036 2743 oenones
1065 2679 1170 2765 prisce
1194 2677 1250 2742 ilo
1274 2677 1440 2742 (lenonum

391 2759 507 2826 Versio
531 2762 618 2849 apud
645 2698 827 2843 dussellum,
855 2786 925 2848 quae
955 2765 1084 2829 conditu
1112 2770 1162 2828 est
1190 2770 1268 2828 ente
1293 2761 1440 2848 Dionysi-

390 2868 495 2913 uuam.

435 2935 475 2998 P.
496 2954 570 3020 390.
593 2934 611 2998 l.
635 2948 666 3017 7.
695 2939 754 2999 τῶν
781 2930 1002 3018 Ἡμιαρειανῶν
1031 2938 1128 3001 εἵτουν
1157 2933 1436 3018 Πνευματομᾶχων]

392 3019 640 3086 Homoeusiastae
662 3020 726 3096 isti,
750 3021 814 3106 qui,
837 3028 875 3086 ut
900 3022 1012 3102 fertur,
1036 3023 1097 3086 hoc
1119 3022 1256 3107 primum
1285 3020 1356 3085 loco
1385 3021 1439 3086 Se

391 3107 536 3170 micricni
565 3106 778 3186 nominantur,
805 3107 837 3171 in
864 3107 1004 3172 diversus
1036 3114 1145 3193 portes
1170 3107 1316 3172 distracti
1342 3113 1439 3180 sunt;

392 3213 526 3277 querum
554 3193 712 3257 nonnullus
741 3201 854 3258 contre
879 3194 1099 3272 Divinitutem‚
1122 3201 1221 3278 etque
1245 3194 1343 3258 etium
1367 3213 1440 3277 per-

392 3277 603 3356 sonalitatem,
631 3278 653 3342 S
677 3278 770 3342 iritus
795 3279 906 3344 Sancti
932 3279 1149 3366 disputabunt.
1199 3279 1443 3344 Substituerunt

391 3363 629 3428 Macedoniam
652 3301 760 3428 latini
789 3365 980 3450 interpretes
1005 3388 1064 3451 pro
1090 3366 1305 3444 Semicriacis
1333 3366 1443 3429 Mece-

392 3449 478 3512 donii
494 3455 546 3513 τοῦ
560 3450 807 3533 πνευματομάχου
822 3451 992 3537 discipulis.

437 3535 521 3598 Ibid.
540 3535 561 3597 l.
579 3536 608 3599 8.
633 3537 681 3600 καὶ
700 3537 753 3615 τὴν
771 3539 1079 3626 sermocinarer]
1097 3537 1204 3624 Vulgo
1218 3537 1335 3602 desunt
1349 3557 1443 3601 voces

394 3620 442 3685 καὶ
457 3621 511 3701 τὴν
529 3627 588 3685 τῶν
607 3621 641 3684 in
659 3621 870 3688 Consiliorum
884 3631 986 3702 textu,
1003 3625 1059 3690 sed
1077 3624 1120 3688 ed
1134 3643 1224 3688 orem
1243 3645 1285 3708 pe
1308 3623 1367 3686 'nae
1386 3643 1444 3706 po·

393 3706 464 3772 sitae
479 3714 564 3770 sunt.
608 3707 739 3772 Eaedcrn
758 3715 873 3774 extent
890 3710 924 3774 in
943 3710 1068 3776 caetcris
1082 3731 1238 3776 cenenum
1253 3732 1290 3774 oo
1314 3707 1444 3774 sotioni-

394 3793 462 3871 bus,
487 3800 521 3857 et
545 3792 579 3856 in
603 3800 725 3893 septem
749 3817 789 3858 ex
813 3803 887 3860 octo
913 3795 1094 3861 Bodleiunis
1117 3795 1286 3873 codicibus,
1309 3816 1384 3859 num
1409 3793 1444 3856 in

394 3880 538 3965 margine
552 3879 668 3944 codicrs
682 3901 814 3944 numero
830 3883 881 3946 26.
897 3882 1014 3968 signati
1033 3883 1144 3948 eedem
1164 3904 1260 3946 manu
1275 3881 1373 3946 verbe
1387 3880 1444 3944 ed-

395 3966 464 4031 dits
482 3973 567 4030 sunt.
611 3964 754 4050 Recepto
775 3988 813 4031 ee
834 3990 875 4031 ex
896 3967 1037 4054 principe
1059 3969 1092 4031 in
1114 3967 1316 4032 novissimum
1333 3965 1446 4032 (lonci-

394 4051 508 4116 liorum
522 4051 694 4116 editionem
708 4058 782 4138 post
796 4053 870 4117 vidi.
917 4056 991 4119 Huc
1005 4061 1112 4120 sutem
1127 4054 1282 4139 respicere
1297 4053 1446 4117 videntur

395 4335 450 4392 χος
470 4311 737 4390 καινοτομηθείσων
756 4310 902 4393 αἱρέσεων
916 4251 1156 4394 tuncepiscopus
1172 4313 1328 4396 ἔγγραφον
1343 4335 1446 4375 πεποι-

395 4393 516 4474 ήκαμεν.
554 4394 653 4479 Apud
669 4396 809 4460 Concilio
824 4397 882 4460 vol.
897 4397 924 4462 1.
940 4399 1016 4462 edit.
1034 4398 1192 4464 Harduin.
