3326 5200
780 883 828 941 IN
851 884 1075 943 LIBELLUM

507 1113 809 1195 nnvnnsus
838 1087 1042 1195 onnus
1072 1115 1356 1196 nnnnsns

618 1373 1232 1472 ANNOTATIONES.

821 1635 1011 1670 “¹⁸³¹“-
1030 1650 1047 1654 —-

449 1818 487 1881 P.
503 1821 572 1882 161.
588 1818 608 1882 l.
625 1837 655 1904 3.
680 1817 820 1898 Quorum
849 1816 1070 1881 haeretieorum
1096 1817 1272 1967 810.me
1298 1837 1381 1881 nune
1404 1839 1452 1882 se

426 1911 546 1968 uuntur
574 1904 606 1967 in
634 1903 853 1990 Hirsaugiensi
883 1903 991 1967 eodioe
1020 1905 1163 1988 praeeede
1184 1911 1243 1967 ent
1271 1903 1385 1968 librum
1414 1904 1452 1968 de

405 1927 703 2076 imprimimus,
731 1990 815 2074 quod
846 1989 1018 2054 Rhenanus
1043 1989 1163 2053 librarii
1187 1989 1450 2057 insonaturum

405 2083 509 2161 putet.
556 2077 594 2139 ln
624 2075 862 2140 Paternaoiensi
891 2076 998 2139 oodiee
1027 2082 1098 2139 eret
1127 2083 1294 2161 seperatus
1329 2075 1451 2140 libellus

405 2163 618 2244 ἀνεπίγραφος,
642 2162 675 2225 in
701 2162 803 2226 altero
828 2168 937 2225 eutem
960 2161 1040 2225 libro
1065 2161 1195 2226 titulum
1216 2162 1366 2238 habebat,
1382 2162 1450 2226 Ad-

404 2269 506 2311 versute
530 2249 637 2311 Omnes
659 2248 806 2311 Hoeresee.
852 2248 962 2332 Atque
984 2249 1042 2311 sub
1064 2248 1125 2312 hoe
1142 2247 1238 2312 titulo
1259 2248 1293 2311 in
1312 2249 1451 2313 editione

405 2333 550 2397 Rheneni
566 2334 628 2397 iste
642 2333 748 2397 omnin
763 2335 936 2418 seperatim
952 2355 1068 2398 exousa
1087 2341 1172 2411 sunt,
1188 2355 1259 2398 oum
1281 2333 1315 2397 in
1336 2335 1450 2399 ceteris

405 2418 596 2568 esditionibus
625 2441 688 2482 uno
715 2426 827 2484 tenore
856 2442 928 2483 oum
962 2420 1176 2505 superioribus
1205 2420 1449 2506 eonjunguntur.

431 2527 540 2569 smne

450 2591 531 2654 Ibid.
547 2591 567 2654 l.
582 2611 612 2668 4.
629 2590 734 2654 Teeeo
749 2590 832 2654 enim
847 2591 870 2655 J
873 2591 1006 2655 udeismi
1026 2589 1208 2676 haeretieos]
1226 2591 1306 2656 Haee
1327 2591 1450 2678 legerat

406 2676 629 2762 Hieronymus,
653 2699 725 2741 eum
746 2678 897 2742 adversus
920 2677 1137 2742 Luciferianos
1158 2699 1256 2763 egens
1281 2679 1385 2755 Taceo,
1403 2679 1449 2742 in-

404 2763 483 2847 quit,
500 2763 537 2827 de
550 2763 711 2826 Judeinni
724 2763 886 2841 loereliein
902 2764 1039 2848 quiante
1054 2763 1215 2827 adventum
1230 2765 1345 2828 Olli-isti
1358 2765 1450 2850 lepem

404 2849 553 2913 creditam
574 2849 773 2934 desiperem,
796 2850 877 2934 quod
891 2850 1051 2913 Dositleus
1073 2850 1341 2914 Samae-itanum
1356 2852 1449 2936 prin-

403 2957 434 2998 ee
455 2957 470 2998 s
484 2935 648 3021 prophetes
669 2935 846 3020 repudiavit
862 2938 917 3000 &e
933 2943 966 3000 et
980 2936 1073 3012 inire,
1089 2935 1146 2998 Ad
1165 2957 1211 2999 eos
1224 2958 1270 3000 me
1288 2945 1447 3002 converto.

405 2958 619 3104 [lieronymus
633 3022 702 3085 eod.
718 3021 775 3084 Ad
788 3045 833 3086 eos
847 3023 932 3086 venio
946 3022 1109 3098 leoereticos,
1125 3023 1179 3106 qui
1198 3023 1353 3107 eoanpelia
1369 3022 1450 3087 loni-

292 3169 298 3182 ,
403 3117 541 3172 aemmt.
568 3108 697 3172 R1esnr.
742 3107 881 3172 Libellus
906 3108 967 3172 iste
993 3129 1057 3172 une
1083 3129 1154 3171 eum
1181 3107 1342 3173 Vineentii
1369 3108 1449 3172 Liri-

404 3194 509 3258 nensis
541 3195 777 3270 (flammeolum,
807 3202 841 3259 et
864 3194 1050 3259 Tertulliani
1075 3195 1125 3257 De
1150 3193 1449 3278 Proeeereptionibus,

404 3280 460 3343 sed
482 3281 654 3364 separatim
680 3303 701 3344 a
720 3280 906 3345 Tertulliani
930 3302 1034 3364 opere,
1053 3281 1138 3366 typis
1164 3301 1298 3344 excusus
1319 3289 1369 3345 est
1388 3281 1448 3346 sub

404 3365 499 3429 titulo
531 3367 669 3452 Gatalopi
695 3366 914 3430 Hoerelieolum
945 3389 965 3429 a
991 3367 1105 3430 Oarolo
1129 3365 1312 3430 Berbiellini
1337 3367 1448 3431 Romae

403 3472 488 3514 anno
504 3453 594 3536 1765.
640 3451 737 3516 Volui
759 3453 886 3536 quidem
909 3451 1048 3529 titulum,
1073 3452 1126 3536 qui
1149 3452 1182 3515 in
1205 3451 1281 3516 edit.
1307 3453 1449 3538 principe

403 3537 476 3601 huie
498 3538 648 3622 opusculo
670 3539 765 3603 datus
785 3546 843 3616 est,
859 3538 1017 3602 Aduersus
1036 3538 1142 3601 Omnes
1159 3538 1305 3616 Hermes,
1324 3560 1376 3603 seu
1392 3561 1448 3624 po

403 3624 473 3696 tius,
499 3624 536 3687 de
559 3624 734 3688 Hoereeibus
756 3623 859 3702 Liber,
882 3624 984 3688 eidem
1003 3623 1121 3708 partim
1141 3623 1254 3688 saltem
1273 3626 1447 3710 praeligere,

404 3709 511 3774 eodiee
527 3710 601 3774 MS.
617 3733 638 3774 a
652 3711 807 3775 Rheneno
824 3733 921 3796 supra
936 3718 1181 3774 commemorato
1202 3710 1314 3782 nixus3
1339 3733 1448 3776 verum

404 3796 549 3882 neglectu
573 3818 644 3861 meo
674 3797 838 3860 Hoeretioos
862 3819 921 3881 pro
951 3795 1102 3860 voeabulo
1126 3796 1261 3860 Hoereses
1289 3797 1322 3860 in
1352 3797 1448 3862 titulo

404 3882 542 3967 positum
557 3890 625 3956 est3
650 3883 682 3946 id
696 3889 805 3947 temen
820 3883 922 3968 magis
937 3881 1083 3946 convenit
1100 3903 1172 3946 oum
1187 3881 1279 3946 initio
1295 3884 1446 3968 opusculi,

404 3990 499 4052 quam
514 3968 650 4032 alterum
664 3970 807 4032 Heme.

448 4053 529 4118 Ibid.
545 4054 566 4118 l.
583 4056 630 4118 18.
648 4054 712 4119 Hie
726 4077 822 4119 ausus
837 4062 887 4119 est
901 4077 1055 4118 summam
1072 4077 1105 4118 se
1119 4053 1224 4118 dieere
1239 4053 1398 4130 virtutem,
1414 4053 1447 4118 id

404 4147 462 4216 est,
483 4162 640 4204 summum
662 4139 782 4226 Deum]
807 4141 959 4205 Similiter
983 4140 1093 4204 scribit
1119 4141 1159 4204 de
1181 4139 1309 4204 Simone
1324 4140 1448 4204 Tertul-

403 4224 506 4289 lianus
520 4225 600 4290 libro
614 4227 652 4291 de
666 4228 784 4290 Animo
799 4250 869 4312 eep.
885 4246 937 4312 34,
953 4236 981 4291 et
999 4248 1028 4290 eo
1049 4226 1171 4312 quidem
1183 4227 1281 4308 fluuit
1300 4247 1449 4289 summum

404 4311 543 4375 Patren.
589 4311 758 4376 Referente
773 4335 898 4398 quoque
914 4313 1036 4377 lrenaeo
1051 4313 1105 4375 lib.
1124 4311 1170 4374 ΙΙ.
1187 4312 1285 4376 Adue.
1300 4312 1355 4375 Ha
1362 4333 1447 4390 reses,

404 4419 474 4482 oep.
494 4399 523 4460 8.
539 4396 666 4462 dioebet
681 4398 790 4463 Simon
805 4399 875 4476 iste,
890 4399 1079 4484 semtipsum
1096 4419 1154 4462 esse
1175 4419 1324 4462 smmum
1338 4399 1448 4462 Deum.
