3310 5224
415 476 459 538 18
644 475 676 538 S.
692 472 968 538 POLYCARPI
992 472 1231 538 EPISTOLA

254 668 393 718 ssim-iv·
418 655 480 727 νῦν
498 645 694 748 ἠγάπησαν
713 653 835 726 αἰῶνα·
869 643 970 725 ἀλλὰ
995 642 1060 724 τὸν
1087 643 1174 748 ὑπὲρ
1201 645 1302 744 ἡμῶν
1320 647 1459 725 ἀποθα·

256 749 293 783 ω’
417 775 535 872 νόντα,
554 777 613 854 καὶ
637 779 680 854 δι’
704 775 797 874 ἡμᾶς
819 773 910 854 ”iri
937 781 1002 853 τοῦ
1027 777 1122 852 Θεοῦ
1154 770 1363 852 ἀναστάντα
1390 771 1462 871 (for.

416 902 664 984 ἀνασταθέντα
688 911 850 1006 Usserius).

417 1066 560 1124 abierunt.
570 1064 638 1143 quis
649 1083 707 1122 non
721 1063 777 1122 hoc
788 1062 916 1122 seculum
960 1062 1028 1142 ipsis
1048 1073 1078 1121 et
1093 1083 1146 1141 pro
1162 1062 1246 1120 nobis
1260 1071 1394 1122 mortuus
1407 1073 1462 1134 est,

417 1146 600 1212 dilexerunt;
627 1145 678 1204 sed
699 1164 765 1204 eum
791 1145 841 1222 qui
866 1164 919 1222 pro
959 1154 991 1202 et
1004 1164 1021 1202 a
1035 1143 1101 1201 Deo
1115 1143 1313 1202 resuscitatus.
1472 1167 1489 1228 5

459 1275 506 1339 X.
521 1274 581 1338 bIn
603 1272 653 1338 his
675 1295 751 1359 ergo
773 1279 868 1350 state,
886 1279 921 1338 et
939 1272 1068 1336 Domini
1090 1271 1253 1357 exemplar
1276 1272 1461 1357 sequimini;

256 1382 407 1444 ¹1'etii-¹7·
416 1377 499 1440 firmi
513 1377 546 1440 in
561 1377 624 1441 fide
638 1383 672 1441 et
687 1375 907 1452 immutabiles,
920 1375 1134 1440 fraternitatis
1147 1381 1317 1452 amatores,
1334 1376 1463 1462 diligen·

417 1486 467 1545 tes
482 1479 623 1557 invicem,
639 1478 822 1543 inveritate
842 1477 962 1555 sociati,
978 1477 1254 1542 mansuetudinem
1269 1477 1398 1542 Domini
1419 1479 1464 1542 al·

417 1582 532 1646 terutri
551 1587 771 1667 cpraestantes
794 1579 914 1643 nullum
938 1580 1156 1665 despicientes.
1201 1579 1305 1660 Quum
1329 1580 1465 1665 potestis

254 1688 375 1738 Tobitxii·
384 1703 407 1754 9·
416 1685 609 1761 benefacere,
622 1682 720 1747 nolite
731 1681 874 1745 differre:
892 1682 966 1766 quia
976 1681 1178 1766 detineam
1192 1681 1230 1746 de
1240 1681 1513 1752 mortalitem

255 1797 325 1845 1Pet
333 1795 359 1843 ii·
370 1809 407 1844 ιν.
418 1785 535 1851 Omnes
549 1784 630 1850 cobis
644 1786 773 1850 invicem
782 1783 905 1868 cajati
915 1791 1038 1858 estote;
1056 1785 1322 1849 consociationem
1336 1795 1465 1850 cestram

416 1887 707 1974 irreprehensibihm
723 1885 872 1951 scalam
893 1887 928 1949 ia
947 1885 1103 1972 pactibus.-
1127 1896 1161 1950 at
1175 1909 1211 1950 ac
1225 1885 1310 1950 loeis
1327 1885 1466 1972 oporibus

416 1992 521 2055 cestris
543 1998 576 2055 et
590 2012 646 2054 vos
667 1990 794 2054 laudem
816 1989 989 2075 accipiatis,
1010 1997 1044 2054 et
1059 1988 1216 2054 Dominus
1238 1989 1270 2053 in
1291 1990 1379 2054 vobis
1401 2011 1465 2053 non

416 2093 662 2179 blasphemetur.
707 2091 768 2157 Vae
794 2099 903 2157 autem
925 2092 978 2171 illi,
1002 2113 1060 2177 per
1085 2113 1178 2176 quem
1201 2115 1316 2157 nomen
1336 2091 1465 2156 Domini

417 2195 665 2280 blasphematur.
711 2194 923 2259 Sobrietatem
935 2215 1012 2280 ergo
1027 2196 1139 2260 docete
1154 2216 1281 2259 omnes:
1305 2195 1338 2259 in
1354 2217 1418 2280 qua
1431 2202 1511 2282 et15

417 2319 473 2362 vos
487 2296 725 2362 conversamini.

461 2401 526 2466 XI.
544 2401 645 2466 Nimis
663 2401 872 2467 contristatus
892 2424 962 2466 sum
983 2425 1042 2488 pro
1058 2402 1206 2480 Valente,
1223 2403 1276 2488 qui
1299 2404 1466 2488 presbyter

417 2503 521 2569 laetus
535 2512 586 2570 est
599 2505 769 2589 aliquando
784 2505 870 2590 apud
885 2527 960 2569 vos:
985 2506 1070 2590 quod
1092 2505 1137 2570 sio
1159 2506 1284 2592 ignoret
1302 2506 1329 2570 is
1350 2507 1464 2583 locum,

257 2631 266 2666 ι
281 2617 368 2667 rhea.
377 2633 401 2665 v.
417 2607 471 2691 qui
486 2608 582 2672 datus
597 2615 647 2672 est
661 2608 700 2672 ei.
754 2608 872 2673 Moneo
887 2607 995 2692 itaque
1010 2631 1066 2672 vos
1081 2614 1118 2671 ut
1132 2607 1321 2672 abstineatis
1335 2609 1377 2672 ab
1392 2629 1465 2673 ava-

255 2695 294 2731 ²²'
417 2709 501 2787 ritis,
512 2716 546 2775 et
557 2710 627 2774 sitis
638 2709 729 2787 cesti,
742 2716 775 2773 et
784 2731 920 2774 veraces.
966 2710 1138 2774 Abstinete
1149 2732 1204 2774 vos
1218 2711 1260 2774 eb
1273 2710 1360 2774 omni
1370 2710 1465 2776 malo.
1477 2739 1515 2778 20

419 2813 480 2894 Qui
494 2820 603 2878 autem
621 2813 654 2877 in
672 2813 723 2876 his
745 2834 808 2876 non
830 2819 937 2898 potest
952 2836 986 2877 sc
1000 2814 1187 2899 gubernare,
1204 2835 1267 2898 quo
1282 2813 1378 2877 modo
1391 2813 1467 2878 salii

255 2926 317 2989 Eph.
330 2937 389 3004 αξ..
417 2917 606 3002 pronunciat
628 2916 708 2981 hoci
731 2915 764 2980 Si
783 2915 853 3000 quis
872 2938 935 2980 non
953 2917 1144 2981 abstinuerit
1159 2939 1192 2980 se
1206 2918 1249 2981 ab
1263 2917 1408 2994 avaritia,
1423 2917 1465 2981 ab

255 2993 344 3119 ζώω*
418 3018 598 3084 idololatria
610 3017 883 3102 coinquinabitur;
907 3024 941 3082 et
955 3024 1108 3102 tanquam
1124 3017 1208 3082 inter
1221 3026 1333 3104 gentes
1344 3018 1466 3104 judica·

259 3130 408 3180 reor-vta
418 3122 516 3186 bitur.
561 3122 622 3203 Qui
643 3128 752 3186 autem
774 3121 922 3206 ignorant
941 3121 1096 3204 judicium
1111 3120 1260 3185 Dominil
1282 3121 1359 3185 11Αν
1372 3121 1466 3186 ναοί-

416 3247 491 3301 mas,
507 3225 582 3310 qaia
602 3224 701 3288 suani
721 3223 868 3287 maedam
885 3222 1096 3307 judicabam?
1119 3223 1201 3288 sicut
1220 3224 1339 3288 Paulus
1361 3226 1465 3288 docet.
1477 3249 1513 3310 25

418 3327 489 3414 Ego
510 3334 619 3393 autem
639 3326 716 3391 nihil
731 3326 796 3391 tale
819 3327 901 3391 sensi
924 3327 957 3389 in
974 3326 1072 3405 vobis,
1088 3326 1136 3390 vel
1158 3327 1273 3405 audivi,
1297 3326 1330 3390 in
1353 3327 1466 3412 quibus

256 3441 319 3491 Phil·
331 3455 383 3503 cap.
392 3440 408 3486 i·
417 3429 573 3495 laboravit
598 3431 713 3494 beatus
739 3429 878 3503 Paulus;
903 3427 969 3513 iqui
991 3429 1069 3493 estis
1090 3429 1123 3492 in
1146 3430 1301 3516 principio
1323 3431 1466 3516 epistolar

417 3534 496 3618 ejus.
540 3532 590 3598 De
606 3534 694 3597 vobis
715 3533 833 3596 etenim
851 3531 1009 3618 gloriatur
1023 3532 1055 3595 in
1070 3533 1216 3597 omnibus
1230 3533 1377 3612 ecclesiis,
1395 3555 1466 3619 quoe

418 3635 523 3700 Deum
545 3636 619 3700 solae
634 3642 711 3700 tunc
729 3642 961 3720 cognoverant:
985 3657 1043 3700 nos
1057 3643 1166 3700 autom
1181 3638 1322 3701 nondum
1336 3659 1465 3702 novera-

418 3760 498 3804 mus.
522 3738 626 3804 Valde
641 3760 726 3825 ergo,
742 3737 868 3815 fratres,
885 3738 1058 3804 contristor
1071 3761 1130 3825 pro
1145 3739 1199 3804 illo
1214 3746 1247 3804 et
1259 3762 1317 3825 pro
1332 3741 1465 3827 conjuge
1475 3779 1516 3836 30

420 3841 505 3927 ejus:
523 3843 637 3928 quibus
651 3843 708 3907 det
721 3840 877 3905 Dominus
892 3841 1115 3926 poenitentiam
1129 3864 1247 3908 veram.
1271 3842 1377 3909 Sobrii
1390 3865 1466 3929 ergo

258 3959 367 4009 zrhac
377 3959 411 4008 iii.
420 3953 523 4011 estote
539 3953 572 4010 et
587 3967 642 4011 vos
657 3944 690 4009 in
704 3944 783 4020 hoo;
801 3952 835 4009 et
846 3965 910 4007 non
925 3943 1007 4009 sicut
1018 3945 1160 4010 inimicos
1170 3946 1252 4011 tales
1267 3946 1465 4026 existimetis,

260 4039 297 4087 '⁵'
843 4073 1047 4122 cesaraeae.

454 4166 468 4196 ι
480 4157 540 4205 llaeo
550 4155 681 4219 piraterium
691 4157 765 4205 verba
774 4171 805 4204 ex
819 4156 921 4203 Eusebio
931 4165 956 4203 et
968 4155 1104 4219 Nicephoro
1115 4156 1235 4220 supplevit
1246 4157 1367 4206 Usserius.
1402 4154 1465 4220 (sx-

420 4231 475 4269 tnnt
486 4237 552 4270 voces
563 4221 607 4269 barb
618 4221 662 4270 τοῦ
672 4222 697 4269 in
711 4221 835 4284 Polycarpi
849 4221 904 4268 MS.
917 4220 1079 4284 Florentino.)
1161 4221 1172 4254 '³
1185 4222 1361 4272 Desidersntur
1373 4221 1465 4269 Gracc.

420 4286 487 4334 cal.
497 4293 678 4348 prescrutantes.
755 4285 844 4333 d'l'ob.
857 4285 899 4333 xli.
911 4301 935 4348 9.
1010 4286 1154 4334 erpetui.
1172 4301 1206 4335 rs.
1289 4287 1467 4335 talamana

420 4358 508 4400 mutes.
576 4351 742 4413 fllaegeuliir.
810 4351 965 4398 breonvi.
979 4365 1002 4398 a.
1071 4351 1208 4414 ¹'l‘lrlllp.i.

1646 1191 1648 1324 l
