3314 5190
315 481 367 546 IN
393 483 426 547 S.
453 483 591 548 CYPll.
615 482 679 547 DE
703 483 896 549 IDOLOR.
920 484 1184 550 VANI'I'ATE.
1216 487 1278 552 381

219 653 354 716 'Admeti
368 661 519 753 posuerat
534 653 712 718 Gronovius
727 654 760 718 in
778 655 847 740 jam
862 653 950 718 dicta
970 654 1048 719 edit.
1065 655 1159 740 hujus
1173 655 1278 734 libelli,

227 761 297 822 quae
330 739 473 803 Minucio
503 739 600 804 Felici
630 740 758 824 adjecta
786 762 870 804 anno
902 757 981 824 1705
1011 741 1138 805 circiter
1167 741 1277 826 viginti

225 846 326 888 annos
341 833 416 888 autc
432 825 580 924 Cypriani
596 826 767 890 editionem
784 825 988 890 Baluzianam
1000 827 1129 911 prodiit.
1159 827 1276 892 Suffra-

225 911 377 994 gentibus
392 911 486 974 dictis
497 911 621 976 duobus
633 912 662 976 N
664 912 714 976 ovi
724 911 854 998 collegii
868 911 974 977 MStis
986 912 1069 977 hanc
1078 912 1206 1012 praetuli
1217 913 1277 978 lec-

226 995 354 1060 tionem.
386 997 577 1082 Ubicunque
592 1004 700 1062 autem
711 997 902 1062 abediticne
912 997 966 1062 illa
978 999 1098 1063 Beluni
1114 998 1147 1062 in
1158 999 1207 1062 his
1217 1000 1276 1084 Gy·

224 1082 326 1164 priani
342 1082 499 1182 opusculis
514 1083 683 1161 discedam,
699 1083 733 1148 id
747 1106 831 1157 vero,
847 1091 944 1168 prout
955 1085 1024 1167 jam
1039 1084 1098 1148 leci
1113 1085 1146 1148 in
1162 1085 1276 1149 Firmi-

224 1167 298 1230 lieni
321 1169 465 1252 epistola,
493 1191 647 1254 nusquam
670 1190 734 1233 non
757 1171 971 1234 adnotatores
996 1193 1075 1248 sum,
1099 1192 1174 1234 raro
1199 1170 1275 1235 alibi

224 1252 368 1317 lectionis
383 1254 570 1319 varietatem
585 1256 756 1320 adducam.

269 1339 305 1402 P.
325 1357 396 1421 270.
429 1340 450 1403 l.
467 1364 498 1415 4.
528 1341 601 1405 inde
627 1342 739 1406 falcem
763 1342 867 1406 ferens
892 1341 1049 1429 pingitur]
1082 1341 1189 1427 Vulgo
1217 1343 1273 1407 ad-

223 1423 310 1488 ditur
328 1447 416 1488 scaea
460 1433 511 1490 ost
523 1429 638 1511 faces,
665 1428 750 1512 quod
774 1428 806 1490 in
832 1427 910 1491 edit.
934 1449 992 1492 sua
1015 1435 1102 1492 recte
1121 1428 1273 1492 omiserat

223 1511 409 1576 Gronovius.
438 1449 569 1575 l'rimus
583 1535 691 1577 vocem
706 1513 826 1598 recepit
842 1513 1002 1577 Pamelius
1017 1535 1057 1576 ex
1070 1513 1168 1577 MSto
1180 1514 1272 1578 (lam-

222 1595 363 1673 boncnsi,
386 1599 442 1661 sed
464 1597 608 1662 nesciunt
630 1619 701 1662 cam
721 1608 859 1684 quatuor
877 1599 1001 1662 codices
1023 1599 1055 1662 in
1074 1599 1151 1663 edit.
1168 1599 1271 1664 Oxcn.

221 1682 361 1760 adducti,
383 1693 501 1769 praeter
522 1691 589 1748 tres
612 1684 681 1748 illos
703 1684 785 1748 Novi
805 1683 934 1769 Collegii
960 1684 1082 1761 MStos,
1104 1706 1271 1769 meumque

221 1768 361 1832 codicem
366 1771 434 1853 jam
444 1792 541 1854 supra
549 1777 768 1846 memoratum,
776 1770 850 1832 olim
860 1769 1112 1846 Tcwateranunr,
1123 1779 1156 1834 et
1165 1777 1270 1834 vetus-

222 1853 360 1918 tissimus
386 1855 535 1941 Cypriani
561 1856 726 1920 editiones.
780 1856 983 1940 Quapropter
1005 1877 1113 1919 vocem
1161 1863 1270 1920 rectar-

221 1938 301 2004 misi.
346 1940 439 2006 Nunc
453 1943 570 2006 addere
585 1941 659 2006 licet
673 1942 753 2005 duos
771 1941 894 2005 codices
915 1941 1102 2017 Dmrianos‚
1151 1948 1268 2006 terum·

221 2047 281 2108 que
307 2025 381 2090 olim
407 2027 444 2091 cl.
470 2027 669 2092 Meermanni
697 2027 766 2112 jam
795 2048 910 2105 meum,
937 2026 1124 2090 duodecimo
1153 2028 1268 2092 saeculo

219 2111 279 2174 scri
304 2119 382 2176 tum.

264 2134 346 2262 Illic.
365 2199 386 2261 l.
403 2219 450 2280 ¹4·
475 2200 549 2264 Hoc
571 2199 618 2264 ita
639 2222 708 2264 osse
728 2199 912 2264 Alexander
928 2197 993 2282 Μ.]
1016 2197 1176 2283 Rigaltius
1194 2220 1267 2262 con·

219 2283 332 2360 tendit,
346 2284 414 2349 haec
428 2307 538 2350 revera
552 2287 595 2350 ad
614 2286 750 2350 alterum
765 2285 994 2362 Alexandrum,
1010 2283 1159 2346 aunuum
1174 2284 1267 2384 Poly-

219 2367 372 2434 historem
386 2375 563 2457 pertinere:
610 2393 659 2436 uae
674 2372 857 2458 conjectura
871 2369 905 2433 in
918 2376 1048 2435 tantum
1062 2369 1121 2454 ipsi
1158 2370 1265 2448 lacuit,

218 2461 255 2519 ut
281 2464 333 2520 ter
358 2457 533 2543 ingesserit.
579 2394 736 2522 llimirum
758 2458 809 2521 hic
830 2455 900 2533 loci,
921 2455 953 2519 in
976 2455 1061 2521 notis
1079 2456 1122 2519 ad
1170 2456 1267 2521 ertu-

217 2539 345 2621 lianum,
369 2551 402 2608 et
424 2545 520 2609 etiam
542 2545 584 2608 ad
612 2544 796 2609 Minatium.
841 2541 975 2627 Decepti
1001 2549 1094 2606 erant
1118 2541 1267 2606 nimirum

218 2627 405 2711 Cyprianus,
428 2631 663 2716 Athenagoras,
682 2629 849 2706 Minutius,
874 2628 1082 2714 Augustinus,
1109 2627 1172 2691 imo
1193 2650 1266 2713 pro-

217 2711 373 2776 batissimi
388 2715 485 2779 etiarn
499 2716 586 2800 apud
604 2716 748 2781 ethnicos
768 2716 948 2800 scriptores,
964 2714 1017 2797 qui
1033 2735 1141 2778 omnes
1156 2713 1266 2779 literas

216 2796 258 2858 ab
280 2798 466 2864 Alexandro
487 2823 602 2886 magno
627 2802 724 2866 matri
750 2799 929 2886 Olympiadi
954 2799 1090 2884 scriptas
1113 2799 1264 2878 referunt,

216 2880 248 2943 in
265 2883 378 2966 quibus
392 2907 543 2950 arcanum
560 2886 622 2950 hoc
636 2886 677 2950 de
696 2886 859 2950 numinum
874 2884 1043 2961 natalibus,
1059 2891 1147 2948 metu
1166 2884 1264 2969 ipsius

215 2969 368 3050 potentiae
390 2979 552 3036 extortum
570 2969 919 3056 perhibetur—Sed
932 2969 1022 3034 litem
1041 2968 1171 3033 dirimat
1191 2970 1263 3033 Plu·

215 3053 355 3131 tarchus,
372 3055 403 3118 in
419 3056 595 3120 Alexandri
609 3056 704 3120 rebus
719 3055 827 3140 siquis
841 3054 922 3118 alius
932 3053 1173 3130 versatissimus,
1186 3061 1219 3118 ct
1231 3054 1264 3118 in

216 3137 351 3204 historia
360 3141 453 3205 testis
464 3141 612 3226 locuples.
638 3141 671 3204 ls
682 3141 715 3204 iu
727 3140 903 3204 Alexandri
917 3139 996 3203 Vita
1006 3139 1054 3203 ait
1063 3137 1264 3220 Ἀλέξανδρος

216 3226 250 3286 ἐν
265 3227 410 3306 ἐπιστολῇ
425 3226 497 3308 πρὸς
510 3227 565 3305 τὴν
579 3226 690 3307 μητέρα
705 3227 809 3308 φησὶν,
825 3223 984 3308 γεγονέναι
1001 3227 1083 3291 τινὰς
1097 3225 1174 3309 αὐτῷ
1188 3249 1262 3304 μον-

214 3312 294 3378 τείας
308 3311 498 3394 ἆτσῤῥήτσυκ,
514 3312 550 3380 ἃς
569 3312 655 3378 αὐτὸς
675 3314 848 3376 ἐπανελθὼν
862 3310 975 3392 φράσει
988 3310 1063 3390 πρὸς
1075 3311 1171 3390 μόνην
1184 3311 1260 3374 ἐκεί-

215 3421 270 3474 νην
286 3399 342 3460 διο.
364 3397 486 3480 λέγεται
505 3401 538 3462 δὲ
558 3399 605 3461 rel
623 3397 783 3477 Ψάμμονοτ
801 3399 835 3461 ἒν
855 3397 994 3480 Αἰγύπτῳ
1014 3401 1066 3458 τοῦ
1087 3398 1262 3478 φιλοσόφον

214 3485 382 3559 διακούσας,
397 3485 600 3563 ἀποδέξασθαι
613 3483 748 3563 μάλιστα
760 3487 820 3547 τῶν
834 3481 1015 3564 λεχθέντων,
1030 3481 1076 3544 ὅτι
1090 3479 1200 3549 πάντες
1210 3483 1261 3546 ἄν·

213 3571 325 3647 θρωπσι
343 3573 560 3648 βασιλεύονται
580 3570 639 3634 ὑπὸ
662 3573 741 3643 θεοῦ,
764 3569 798 3631 τὸ
820 3571 879 3650 γὰρ
900 3570 996 3652 ἄρχον
1018 3569 1052 3632 ἒν
1075 3565 1190 3652 ἑκάστῳ
1212 3569 1261 3632 καὶ

214 3659 341 3732 κρατοῦν
358 3656 441 3719 θεῖόν
463 3658 537 3728 ἔστι,
555 3655 612 3718 &c
641 3655 770 3718 Faetus.
815 3653 865 3718 De
887 3653 1029 3738 epistolis
1050 3652 1124 3718 visis
1146 3675 1166 3718 a
1187 3655 1260 3717 Plu-

213 3739 326 3804 tarcho
341 3740 472 3824 aliisque
487 3740 647 3805 veteribus
662 3738 878 3824 scriptoribus,
894 3761 956 3803 non
972 3739 1012 3804 de
1027 3740 1066 3802 iis
1080 3761 1151 3822 quae
1166 3738 1260 3802 hodie

213 3824 477 3890 circumferuntur
499 3826 626 3889 nomine
644 3825 819 3888 Alexandri
839 3824 1007 3909 insignitae,
1027 3825 1095 3886 haeo
1116 3829 1150 3887 et
1168 3823 1261 3906 plura

211 3910 378 3975 adnotavit
393 3912 592 3977 doctissimus
606 3911 722 3974 Oxonii
736 3911 911 3995 episcopus.
943 3909 1031 3973 Male
1045 3915 1154 3972 autem
1168 3907 1259 3972 omit

211 3995 293 4060 titur
307 4005 379 4096 post
395 3998 441 4062 ito
456 3998 586 4062 verbum
603 4018 670 4074 esse,
686 4003 719 4060 et
739 4007 812 4082 post
829 3994 934 4060 scribit
948 4002 1100 4080 punctum
1120 3993 1153 4056 in
1167 4001 1259 4058 textu

212 4079 392 4161 Balunano,
409 4085 501 4161 undo,
525 4090 563 4147 ut
582 4083 658 4147 olim
685 4081 803 4159 monui,
826 4102 949 4145 errores
968 4080 1022 4146 isti
1046 4079 1259 4145 transiverant

211 4188 243 4230 rn
258 4189 372 4231 meum.

256 4254 338 4318 lbid.
356 4254 377 4317 l.
387 4272 438 4338 32.
460 4253 656 4338 meretrices]
680 4255 799 4318 Postea
817 4275 851 4317 se
874 4252 962 4317 uitur
979 4251 1012 4314 in
1031 4250 1169 4315 editione
1189 4273 1259 4336 quae

210 4338 328 4404 (licitur
352 4339 470 4418 Gravii,
498 4340 529 4403 in
556 4339 751 4416 Pameliana,
778 4339 818 4402 Iti
872 4339 971 4414 tiana,
998 4344 1032 4402 et
1059 4336 1257 4421 Anglicana:

210 4425 372 4491 Interdum
393 4448 460 4490 cere
481 4425 570 4490 deum
591 4423 734 4490 vocabalo
755 4425 842 4510 opud
863 4425 1022 4502 Romanos,
1039 4424 1203 4507 firmantur
1227 4432 1261 4486 at

689 4535 707 4574 u
726 4534 745 4575 u
763 4530 781 4576 2
