3314 5190
420 500 485 561 834
758 497 1137 563 ANNOTATIONES

420 670 457 732 de
480 693 516 734 sa
544 669 676 754 (magia)
708 659 874 743 Ostlanm;
907 668 1047 733 Xersem
1069 661 1167 754 regem
1191 669 1363 735 Persarum
1388 668 1472 744 tells,

419 756 500 840 qaod
523 756 551 819 is
578 756 711 819 Groeeiae
733 755 848 832 intulit,
878 753 1056 818 semitatus:
1090 776 1128 818 oe
1153 755 1234 820 velat
1254 757 1372 820 semina
1393 758 1475 820 artis

412 850 593 925 portentose
617 842 771 926 sparsisse,
797 839 892 905 obiter
919 839 1031 923 injecto
1059 861 1236 927 quacunque
1264 843 1475 906 mannasses-it

419 927 538 989 maneto.
587 927 805 1012 Diligentiores
826 925 922 1011 paolo
947 926 1117 990 aelstano
1135 937 1256 1012 pensent
1279 929 1474 992 Zoroastren

418 1011 517 1075 alium
534 1013 791 1076 Proconnensium:
813 1011 894 1097 qnod
914 1021 1029 1076 oenum
1050 1021 1100 1088 est,
1115 1012 1166 1076 ln'e
1186 1015 1304 1077 nomine
1328 1013 1473 1077 Osthanes

418 1098 463 1160 ad
475 1096 600 1176 rabiem,
616 1120 675 1162 non
689 1100 870 1162 aviditatem
883 1096 969 1160 modo
982 1099 1116 1161 scientim
1130 1097 1202 1181 ejus,
1221 1102 1397 1162 Graeeonnm
1412 1121 1470 1183 po

411 1183 503 1268 pulos
525 1185 594 1268 egit.
646 1185 770 1248 Attulit
796 1183 977 1247 Plinianum
1002 1184 1085 1247 huno
1109 1183 1214 1247 loeum
1244 1185 1360 1262 Fellus,
1385 1207 1470 1249 nuno

417 1291 492 1332 vero
506 1293 545 1333 ex
561 1270 725 1333 Hardnini
738 1271 869 1334 editione
882 1277 1158 1352 repraesentatum.
1277 1333 1281 1338 .

462 1355 544 1418 Ibid.
568 1355 589 1418 1.
606 1357 636 1419 8.
666 1364 700 1420 et
728 1355 858 1441 angelos
887 1375 980 1418 veros
1005 1355 1071 1418 sedi
1102 1355 1171 1440 ejus
1197 1354 1275 1419 dioit
1300 1356 1466 1440 assistere]

416 1442 544 1504 Nostros
587 1463 730 1506 roseros
755 1442 853 1506 habet
877 1440 979 1504 oodex
1003 1441 1074 1505 MS.
1096 1441 1128 1503 in
1153 1441 1232 1504 Var.
1257 1440 1362 1505 Leett.
1389 1443 1467 1507 edit.

417 1526 520 1590 Oxou.
565 1463 720 1591 Vomasse
736 1527 810 1591 olim
825 1527 858 1590 in
874 1547 958 1590 noros
973 1533 1124 1611 corrupta
1139 1535 1189 1591 ost
1204 1547 1266 1589 vox
1279 1547 1386 1591 servos.

462 1611 541 1675 Ibid.
558 1611 577 1674 l.
598 1634 646 1676 11.
669 1613 876 1688 consecratis]
902 1611 942 1674 In
967 1619 1060 1676 textu
1086 1612 1258 1676 Baluziano
1283 1620 1374 1677 extet
1400 1635 1467 1676 eors-

414 1699 533 1776 semoti,
549 1705 583 1762 et
598 1699 696 1763 habet
711 1700 838 1784 quidem
852 1700 1023 1782 congregati
1037 1719 1118 1762 unus
1135 1697 1207 1760 MS.
1222 1697 1255 1760 in
1270 1698 1347 1762 edit.
1363 1699 1466 1764 Oxou.

415 1785 582 1862 adductus,
599 1786 698 1849 codex
722 1807 761 1848 ue
777 1784 857 1848 Novi
874 1784 1004 1868 Collegii
1027 1805 1159 1847 numero
1174 1807 1194 1846 1.
1211 1805 1232 1846 a
1250 1805 1301 1847 me
1322 1783 1467 1870 designa-

415 1877 477 1934 tus.
525 1870 626 1933 Porro
652 1877 690 1935 ut
700 1807 805 1934 lectio
827 1869 956 1933 varians
977 1870 1019 1933 ad
1041 1890 1143 1968 marg.
1165 1869 1242 1934 edit.
1268 1869 1466 1936 Eresmiouae

415 1957 583 2020 smeereati
598 1957 739 2040 positum
760 1963 818 2020 est.
864 1955 946 2021 (lum
969 1975 1043 2018 vero
1059 1962 1211 2039 optimam
1227 1975 1296 2018 esse
1318 1977 1466 2020 censeam

415 2042 613 2126 superiorum
635 2043 811 2106 editionum
833 2042 1002 2106 lectionem
1024 2042 1209 2118 consecratis,
1225 2063 1321 2124 quum
1336 2041 1465 2126 quidem

414 2127 544 2191 finnant
559 2129 623 2191 duo
637 2129 730 2193 alteri
747 2127 828 2191 Novi
844 2127 975 2213 Oollegii
995 2127 1129 2198 oodioes,
1146 2148 1297 2210 meusque
1315 2127 1390 2191 olim
1405 2129 1464 2191 Te-

415 2221 603 2294 wateranus,
620 2222 653 2278 et
670 2215 742 2279 MS.
758 2214 938 2278 Drusianus
949 2219 1092 2297 uterque,
1108 2213 1192 2276 hano
1211 2213 1346 2277 eandem
1360 2235 1380 2276 a
1395 2213 1464 2278 Gel-

414 2297 494 2362 lerio
511 2300 659 2383 positam,
676 2307 746 2363 tum
763 2323 784 2364 a
797 2298 821 2362 J
823 2321 926 2363 oanne
943 2319 1068 2383 quoque
1084 2298 1245 2361 Lindnero
1260 2298 1293 2361 in
1309 2299 1387 2363 edit.
1405 2321 1464 2365 sua

413 2391 582 2460 retentam,
598 2406 657 2468 pro
673 2385 792 2448 Beluzii
807 2385 943 2449 leotione
959 2385 1122 2448 consecrati
1136 2384 1197 2446 huo
1212 2407 1230 2446 e
1253 2406 1272 2446 o
1286 2386 1440 2449 revocavi.

459 2469 542 2532 lbid.
557 2469 577 2533 l.
592 2471 643 2532 26.
653 2470 772 2534 morbis
786 2469 961 2554 lacessunt]
986 2469 1089 2568 Vulgo
1103 2467 1216 2533 lambos
1229 2406 1322 2534 {aaa

1323 2480 1386 2535 nni.
1410 2471 1463 2534 Ex

413 2555 483 2617 eod.
497 2572 526 2617 α.
543 2555 624 2618 Novi
639 2554 769 2640 Oollegii
784 2555 889 2619 locum
904 2577 1037 2619 oomexr.

458 2640 540 2703 lbid.
555 2641 640 2740 ¹2²9:
665 2641 707 2704 ad
729 2641 988 2725 superstitionem
1004 2640 1065 2741 sui]
1090 2640 1164 2704 Hoo
1180 2647 1239 2719 est,
1259 2641 1459 2716 daemonum;

412 2727 972 2896 sullidicllisglidlidddiinldtdiidid
985 2749 1179 2898 wditioipes]
1208 2813 1311 2898 Vulgo
1336 2811 1459 2886 errore,-

412 2899 496 2982 quod
513 2920 586 2961 oum
600 2908 712 2962 terrore
727 2898 789 2962 fide
806 2899 895 2963 MSti
911 2835 1080 2962 (lolllVov.
1090 2918 1120 2982 3.
1136 2899 1229 2962 nixus
1244 2897 1376 2963 mutavi.
1404 2899 1462 2962 Ad

411 3006 501 3048 oram
524 3007 648 3070 quoque
671 2985 797 3062 codicis,
813 3006 907 3070 quem
929 2984 1070 3048 oodieem
1093 2985 1173 3047 Novi
1197 2983 1327 3133 Collegi
1350 3005 1460 3048 seeun-

411 3069 487 3133 dum
497 3071 633 3148 nomino‚
645 3072 712 3134 hseo
722 3070 818 3135 lectio
831 3069 995 3155 adscripto
1009 3075 1069 3133 est.
1092 3069 1142 3133 De
1153 3070 1289 3134 daemoni
1313 3091 1351 3132 us
1361 3091 1460 3155 egens

410 3157 517 3238 posuit
534 3156 723 3221 Lactantius
738 3157 769 3220 in
785 3157 925 3242 Epitans
940 3176 998 3219 sua
1012 3175 1080 3240 oap.
1095 3158 1146 3220 28.
1160 3156 1278 3220 somnio
1293 3156 1461 3220 immittunt

409 3252 464 3305 ant
471 3241 568 3325 pheno
581 3252 715 3306 terrore.

455 3329 489 3389 P.
500 3346 537 3407 27
540 3347 571 3410 3.
584 3327 605 3390 l.
617 3347 648 3410 3.
661 3329 856 3392 incremento
866 3347 969 3412 poenes
984 3327 1194 3412 propagantis
1204 3326 1349 3412 extendi]
1365 3327 1460 3392 Idem

409 3411 491 3476 dixit
507 3413 609 3476 verbis
623 3413 744 3489 iisdem,
761 3413 865 3498 Epist.
880 3413 923 3476 ad
937 3413 1111 3476 Donatum.
1134 3413 1312 3476 Rronmsus.

453 3498 536 3561 Ibid.
553 3498 572 3563 l.
588 3515 635 3562 12.
659 3498 753 3584 Unus
772 3499 870 3584 igitur
885 3497 1025 3562 omnium
1045 3497 1202 3564 Dominus
1222 3499 1323 3580 Deus]
1349 3498 1457 3584 Vulgo

409 3583 566 3648 existente
581 3585 677 3648 verbo
697 3594 738 3648 est
757 3592 831 3670 post
846 3585 1005 3662 Dominus,
1021 3584 1104 3648 idem
1120 3607 1216 3648 suasu
1230 3585 1329 3649 trium
1345 3585 1459 3648 MSto-

408 3689 478 3731 rum
494 3669 575 3733 Novi
587 3670 727 3756 collegii,
743 3679 840 3755 atque
855 3669 1052 3734 Erasmianae
1067 3670 1216 3735 editionis
1231 3670 1341 3734 delevi.
1363 3669 1459 3736 Nune

407 3755 525 3819 addere
548 3756 623 3820 lieet
648 3757 719 3819 MS.
744 3756 939 3820 Drurienum
967 3762 1147 3841 utrumque.
1202 3756 1314 3821 Habet
1339 3755 1458 3821 MStus

408 3839 573 3920 Tewater.,
596 3842 681 3905 Unus
693 3864 761 3927 erqo
775 3843 907 3904 maniam
919 3842 1077 3916 Dominae,
1094 3863 1172 3906 anns
1180 3844 1272 3907 Dens.
1317 3842 1457 3908 Addunt

408 3947 486 3991 nnete
514 3937 555 3992 est
584 3934 660 3993 ante
686 3929 769 3992 Dens
792 3927 927 4005 Oellarfi,
954 3927 1114 4006 Gronovii‚
1148 3937 1182 3993 et
1210 3927 1361 3992 Lindneri
1390 3927 1457 3992 edi-

407 4012 520 4077 tiones.

453 4099 537 4162 Ibid.
553 4100 574 4162 l.
592 4117 642 4164 22.
666 4099 732 4163 Nee
747 4099 797 4163 hle
815 4107 851 4163 tu
867 4099 907 4162 de
922 4099 1049 4163 homine
1063 4098 1201 4182 mireris]
1226 4098 1340 4163 Posuit
1360 4097 1457 4164 Belu-

408 4184 473 4246 zius
487 4186 555 4247 Neo
569 4185 628 4249 hoe
644 4193 680 4250 tu
693 4185 730 4249 de
743 4186 858 4250 tom-ins
873 4186 1002 4263 mireris,
1014 4207 1073 4270 pro
1087 4184 1223 4250 lectione
1239 4185 1372 4262 Felline,
1387 4186 1459 4250 Neo

406 4268 458 4331 nc
472 4278 590 4332 tantum*
601 4271 637 4334 de
647 4271 764 4335 domine
778 4271 908 4348 mireris,
924 4293 945 4334 a
955 4271 1125 4349 Gronovio,
1134 4270 1269 4335 Gellario
1281 4270 1457 4336 Lindnero-

408 4375 468 4438 que
483 4355 626 4438 praelata.
665 4356 833 4421 Sententia
847 4378 918 4421 mee
929 4363 978 4421 est
993 4357 1108 4421 debere
1122 4356 1290 4421 lectionem
1306 4356 1458 4421 editionis
