<?xml version="1.0" encoding="UTF-8"?>
<!DOCTYPE html PUBLIC "-//W3C//DTD XHTML 1.0 Transitional//EN"
    "http://www.w3.org/TR/xhtml1/DTD/xhtml1-transitional.dtd">
<html xmlns="http://www.w3.org/1999/xhtml" xml:lang="en" lang="en">
 <head>
  <title>
</title>
<meta http-equiv="Content-Type" content="text/html;charset=utf-8" />
  <meta name='ocr-system' content='tesseract 3.04.00' />
  <meta name='ocr-capabilities' content='ocr_page ocr_carea ocr_par ocr_line ocrx_word'/>
</head>
<body>
  <div class='ocr_page' id='page_1' title='image "./scriptorumeccle00routgoog_0188.png"; bbox 0 0 3326 5200; ppageno 0'>
   <div class='ocr_carea' id='block_1_1' title="bbox 429 505 1230 590">
    <p class='ocr_par' dir='ltr' id='par_1_1' title="bbox 429 505 1230 590">
     <span class='ocr_line' id='line_1_1' title="bbox 429 505 1230 590; baseline -0.007 -2"><span class='ocrx_word' id='word_1_1' title='bbox 429 523 720 590; x_wconf 44' lang='lat' dir='ltr'>uiuun&#39;mcos</span> <span class='ocrx_word' id='word_1_2' title='bbox 744 523 994 588; x_wconf 74' lang='lat' dir='ltr'>orsenius.</span> <span class='ocrx_word' id='word_1_3' title='bbox 1119 505 1122 514; x_wconf 70' lang='lat'>‘</span> <span class='ocrx_word' id='word_1_4' title='bbox 1169 520 1230 586; x_wconf 80' lang='lat'>171</span> 
     </span>
    </p>
   </div>
   <div class='ocr_carea' id='block_1_2' title="bbox 28 677 1403 4386">
    <p class='ocr_par' dir='ltr' id='par_1_2' title="bbox 28 677 1403 4386">
     <span class='ocr_line' id='line_1_2' title="bbox 183 677 1232 782; baseline -0.003 -16"><span class='ocrx_word' id='word_1_5' title='bbox 183 697 244 766; x_wconf 89' lang='lat' dir='ltr'>sed</span> <span class='ocrx_word' id='word_1_6' title='bbox 264 695 468 782; x_wconf 83' lang='lat' dir='ltr'>Marcionis,</span> <span class='ocrx_word' id='word_1_7' title='bbox 490 699 527 769; x_wconf 93' lang='lat' dir='ltr'>id</span> <span class='ocrx_word' id='word_1_8' title='bbox 552 707 617 782; x_wconf 85' lang='lat' dir='ltr'>est,</span> <span class='ocrx_word' id='word_1_9' title='bbox 639 723 710 770; x_wconf 94' lang='lat' dir='ltr'>non</span> <span class='ocrx_word' id='word_1_10' title='bbox 732 677 829 769; x_wconf 83' lang='lat' dir='ltr'>toto:</span> <span class='ocrx_word' id='word_1_11' title='bbox 856 698 1053 768; x_wconf 87' lang='lat' dir='ltr'>animarum</span> <span class='ocrx_word' id='word_1_12' title='bbox 1078 694 1232 765; x_wconf 85' lang='lat' dir='ltr'>solamur</span> 
     </span>
     <span class='ocr_line' id='line_1_3' title="bbox 183 810 1231 908; baseline 0.008 -27"><span class='ocrx_word' id='word_1_13' title='bbox 183 812 270 884; x_wconf 90' lang='lat' dir='ltr'>dicit</span> <span class='ocrx_word' id='word_1_14' title='bbox 289 810 383 908; x_wconf 84' lang='lat' dir='ltr'>(sor.</span> <span class='ocrx_word' id='word_1_15' title='bbox 401 814 520 902; x_wconf 70' lang='lat' dir='ltr'>docet)</span> <span class='ocrx_word' id='word_1_16' title='bbox 542 815 714 898; x_wconf 82' lang='lat' dir='ltr'>salutem3</span> <span class='ocrx_word' id='word_1_17' title='bbox 740 815 850 886; x_wconf 85' lang='lat' dir='ltr'>habet</span> <span class='ocrx_word' id='word_1_18' title='bbox 874 820 1044 906; x_wconf 88' lang='lat' dir='ltr'>praeterea</span> <span class='ocrx_word' id='word_1_19' title='bbox 1068 812 1231 903; x_wconf 78' lang='lat' dir='ltr'>privatos,</span> 
     </span>
     <span class='ocr_line' id='line_1_4' title="bbox 184 929 1232 1024; baseline -0.001 -26"><span class='ocrx_word' id='word_1_20' title='bbox 184 929 246 998; x_wconf 85' lang='lat' dir='ltr'>sed</span> <span class='ocrx_word' id='word_1_21' title='bbox 265 929 325 1017; x_wconf 80' lang='lat' dir='ltr'>(on</span> <span class='ocrx_word' id='word_1_22' title='bbox 352 938 392 1000; x_wconf 90' lang='lat' dir='ltr'>et</span> <span class='ocrx_word' id='word_1_23' title='bbox 401 931 430 1024; x_wconf 74' lang='lat'>2)</span> <span class='ocrx_word' id='word_1_24' title='bbox 448 933 741 1002; x_wconf 72' lang='lat' dir='ltr'>extraordinarias</span> <span class='ocrx_word' id='word_1_25' title='bbox 766 931 936 1003; x_wconf 86' lang='lat' dir='ltr'>lectiones</span> <span class='ocrx_word' id='word_1_26' title='bbox 958 953 1047 1012; x_wconf 87' lang='lat' dir='ltr'>suas,</span> <span class='ocrx_word' id='word_1_27' title='bbox 1065 950 1152 1021; x_wconf 87' lang='lat' dir='ltr'>quas</span> <span class='ocrx_word' id='word_1_28' title='bbox 1171 949 1232 1020; x_wconf 86' lang='lat' dir='ltr'>ap-</span> 
     </span>
     <span class='ocr_line' id='line_1_5' title="bbox 184 1044 1249 1141; baseline 0.002 -27"><span class='ocrx_word' id='word_1_29' title='bbox 184 1045 297 1138; x_wconf 84' lang='lat' dir='ltr'>pellat</span> <span class='ocrx_word' id='word_1_30' title='bbox 332 1045 564 1119; x_wconf 81' lang='lat' dir='ltr'>Phaneroseis</span> <span class='ocrx_word' id='word_1_31' title='bbox 600 1047 827 1119; x_wconf 80' lang='lat' dir='ltr'>Philumenes</span> <span class='ocrx_word' id='word_1_32' title='bbox 865 1048 1049 1141; x_wconf 83' lang='lat' dir='ltr'>cujusdam</span> <span class='ocrx_word' id='word_1_33' title='bbox 1091 1044 1249 1140; x_wconf 79' lang='lat' dir='ltr'>puellae‚&#39;</span> 
     </span>
     <span class='ocr_line' id='line_1_6' title="bbox 156 1162 1233 1257; baseline -0.001 -26"><span class='ocrx_word' id='word_1_34' title='bbox 156 1181 291 1253; x_wconf 79' lang='lat' dir='ltr'>squam</span> <span class='ocrx_word' id='word_1_35' title='bbox 310 1164 408 1253; x_wconf 89' lang='lat' dir='ltr'>quasi</span> <span class='ocrx_word' id='word_1_36' title='bbox 425 1163 683 1257; x_wconf 83' lang='lat' dir='ltr'>prophetissam</span> <span class='ocrx_word' id='word_1_37' title='bbox 701 1165 869 1257; x_wconf 83' lang='lat' dir='ltr'>sequitur.</span> <span class='ocrx_word' id='word_1_38' title='bbox 921 1162 1045 1234; x_wconf 85' lang='lat' dir='ltr'>Habet</span> <span class='ocrx_word' id='word_1_39' title='bbox 1061 1171 1233 1255; x_wconf 84' lang='lat' dir='ltr'>praeterea</span> 
     </span>
     <span class='ocr_line' id='line_1_7' title="bbox 186 1277 1233 1374; baseline -0.001 -26"><span class='ocrx_word' id='word_1_40' title='bbox 186 1300 268 1348; x_wconf 89' lang='lat' dir='ltr'>suos</span> <span class='ocrx_word' id='word_1_41' title='bbox 292 1277 409 1361; x_wconf 91' lang='lat' dir='ltr'>libros,</span> <span class='ocrx_word' id='word_1_42' title='bbox 428 1302 525 1371; x_wconf 92' lang='lat' dir='ltr'>quos,</span> <span class='ocrx_word' id='word_1_43' title='bbox 543 1281 719 1373; x_wconf 84' lang='lat' dir='ltr'>inscripsit</span> <span class='ocrx_word' id='word_1_44' title='bbox 736 1281 1028 1374; x_wconf 82' lang='lat' dir='ltr'>syllogismorum,</span> <span class='ocrx_word' id='word_1_45' title='bbox 1047 1281 1083 1348; x_wconf 88' lang='lat' dir='ltr'>in</span> <span class='ocrx_word' id='word_1_46' title='bbox 1107 1279 1233 1370; x_wconf 91' lang='lat' dir='ltr'>quibus</span> 
     </span>
     <span class='ocr_line' id='line_1_8' title="bbox 186 1393 1233 1489; baseline 0.001 -25"><span class='ocrx_word' id='word_1_47' title='bbox 186 1393 335 1486; x_wconf 84' lang='lat' dir='ltr'>pmbare</span> <span class='ocrx_word' id='word_1_48' title='bbox 365 1394 452 1478; x_wconf 84' lang='lat' dir='ltr'>vult,</span> <span class='ocrx_word' id='word_1_49' title='bbox 480 1396 575 1489; x_wconf 91' lang='lat' dir='ltr'>quod</span> <span class='ocrx_word' id='word_1_50' title='bbox 603 1398 722 1467; x_wconf 88' lang='lat' dir='ltr'>omnia</span> <span class='ocrx_word' id='word_1_51' title='bbox 748 1420 983 1488; x_wconf 78' lang='lat' dir='ltr'>quoecumque</span> <span class='ocrx_word' id='word_1_52' title='bbox 1014 1395 1159 1489; x_wconf 86' lang='lat' dir='ltr'>Moyses</span> <span class='ocrx_word' id='word_1_53' title='bbox 1188 1396 1233 1465; x_wconf 89' lang='lat' dir='ltr'>de</span> 
     </span>
     <span class='ocr_line' id='line_1_9' title="bbox 187 1505 1082 1600; baseline 0.001 -23"><span class='ocrx_word' id='word_1_54' title='bbox 187 1505 265 1577; x_wconf 90' lang='lat' dir='ltr'>Deo</span> <span class='ocrx_word' id='word_1_55' title='bbox 291 1509 477 1600; x_wconf 80' lang='lat' dir='ltr'>scripserit,</span> <span class='ocrx_word' id='word_1_56' title='bbox 496 1533 579 1580; x_wconf 86' lang='lat' dir='ltr'>vere</span> <span class='ocrx_word' id='word_1_57' title='bbox 604 1533 675 1579; x_wconf 93' lang='lat' dir='ltr'>non</span> <span class='ocrx_word' id='word_1_58' title='bbox 701 1511 782 1591; x_wconf 85' lang='lat' dir='ltr'>sint,</span> <span class='ocrx_word' id='word_1_59' title='bbox 800 1510 861 1579; x_wconf 91' lang='lat' dir='ltr'>sed</span> <span class='ocrx_word' id='word_1_60' title='bbox 888 1509 976 1580; x_wconf 86' lang='lat' dir='ltr'>falsa</span> <span class='ocrx_word' id='word_1_61' title='bbox 1002 1511 1082 1579; x_wconf 91' lang='lat' dir='ltr'>sint.</span> 
     </span>
     <span class='ocr_line' id='line_1_10' title="bbox 237 1623 1233 1717; baseline 0.004 -25"><span class='ocrx_word' id='word_1_62' title='bbox 237 1623 306 1694; x_wconf 91' lang='lat' dir='ltr'>His</span> <span class='ocrx_word' id='word_1_63' title='bbox 335 1623 512 1696; x_wconf 83' lang='lat' dir='ltr'>haereticis</span> <span class='ocrx_word' id='word_1_64' title='bbox 539 1627 703 1696; x_wconf 92' lang='lat' dir='ltr'>omnibus</span> <span class='ocrx_word' id='word_1_65' title='bbox 730 1627 867 1696; x_wconf 86' lang='lat' dir='ltr'>accedit</span> <span class='ocrx_word' id='word_1_66' title='bbox 893 1625 1061 1696; x_wconf 84' lang='lat' dir='ltr'>Tatianus</span> <span class='ocrx_word' id='word_1_67' title='bbox 1090 1626 1233 1717; x_wconf 85' lang='lat' dir='ltr'>quidam</span> 
     </span>
     <span class='ocr_line' id='line_1_11' title="bbox 140 1735 1234 1831; baseline -0.002 -24"><span class='ocrx_word' id='word_1_68' title='bbox 140 1767 176 1807; x_wconf 85' lang='lat' dir='ltr'>ro</span> <span class='ocrx_word' id='word_1_69' title='bbox 186 1735 276 1806; x_wconf 87' lang='lat' dir='ltr'>alter</span> <span class='ocrx_word' id='word_1_70' title='bbox 292 1737 504 1820; x_wconf 82' lang='lat' dir='ltr'>haeretious3</span> <span class='ocrx_word' id='word_1_71' title='bbox 521 1737 580 1809; x_wconf 90' lang='lat' dir='ltr'>hio</span> <span class='ocrx_word' id='word_1_72' title='bbox 597 1737 730 1808; x_wconf 89' lang='lat' dir='ltr'>Justini</span> <span class='ocrx_word' id='word_1_73' title='bbox 750 1738 919 1831; x_wconf 84' lang='lat' dir='ltr'>Martyris</span> <span class='ocrx_word' id='word_1_74' title='bbox 937 1735 1128 1830; x_wconf 87' lang='lat' dir='ltr'>discipulus</span> <span class='ocrx_word' id='word_1_75' title='bbox 1144 1736 1234 1820; x_wconf 82' lang='lat' dir='ltr'>fuit3</span> 
     </span>
     <span class='ocr_line' id='line_1_12' title="bbox 185 1851 1236 1945; baseline 0.001 -25"><span class='ocrx_word' id='word_1_76' title='bbox 185 1851 380 1943; x_wconf 87' lang='lat' dir='ltr'>posthunc</span> <span class='ocrx_word' id='word_1_77' title='bbox 405 1852 544 1922; x_wconf 84' lang='lat' dir='ltr'>diversa</span> <span class='ocrx_word' id='word_1_78' title='bbox 568 1855 698 1924; x_wconf 87' lang='lat' dir='ltr'>sentire</span> <span class='ocrx_word' id='word_1_79' title='bbox 721 1855 849 1945; x_wconf 87' lang='lat' dir='ltr'>coepit:</span> <span class='ocrx_word' id='word_1_80' title='bbox 875 1860 972 1922; x_wconf 91' lang='lat' dir='ltr'>totus</span> <span class='ocrx_word' id='word_1_81' title='bbox 996 1853 1090 1922; x_wconf 90' lang='lat' dir='ltr'>enim</span> <span class='ocrx_word' id='word_1_82' title='bbox 1112 1874 1236 1922; x_wconf 89' lang='lat' dir='ltr'>secun-</span> 
     </span>
     <span class='ocr_line' id='line_1_13' title="bbox 186 1969 1235 2064; baseline -0.001 -23"><span class='ocrx_word' id='word_1_83' title='bbox 186 1972 270 2041; x_wconf 91' lang='lat' dir='ltr'>dum</span> <span class='ocrx_word' id='word_1_84' title='bbox 299 1969 534 2042; x_wconf 73' lang='lat' dir='ltr'>Valentinum</span> <span class='ocrx_word' id='word_1_85' title='bbox 563 1973 664 2064; x_wconf 85' lang='lat' dir='ltr'>sapit,</span> <span class='ocrx_word' id='word_1_86' title='bbox 692 1970 860 2063; x_wconf 86' lang='lat' dir='ltr'>adjiciens</span> <span class='ocrx_word' id='word_1_87' title='bbox 893 1969 992 2052; x_wconf 91' lang='lat' dir='ltr'>illud,</span> <span class='ocrx_word' id='word_1_88' title='bbox 1021 1969 1138 2040; x_wconf 90' lang='lat' dir='ltr'>Adam</span> <span class='ocrx_word' id='word_1_89' title='bbox 1169 1993 1235 2040; x_wconf 89' lang='lat' dir='ltr'>nec</span> 
     </span>
     <span class='ocr_line' id='line_1_14' title="bbox 42 2077 1379 2179; baseline 0.001 -27"><span class='ocrx_word' id='word_1_90' title='bbox 42 2137 48 2152; x_wconf 88' lang='lat'>.</span> <span class='ocrx_word' id='word_1_91' title='bbox 186 2085 337 2156; x_wconf 86' lang='lat' dir='ltr'>salutem</span> <span class='ocrx_word' id='word_1_92' title='bbox 369 2088 535 2177; x_wconf 85' lang='lat' dir='ltr'>consequi</span> <span class='ocrx_word' id='word_1_93' title='bbox 565 2110 693 2179; x_wconf 90' lang='lat' dir='ltr'>posse:</span> <span class='ocrx_word' id='word_1_94' title='bbox 732 2088 830 2179; x_wconf 90' lang='lat' dir='ltr'>quasi</span> <span class='ocrx_word' id='word_1_95' title='bbox 860 2110 941 2168; x_wconf 91' lang='lat' dir='ltr'>non,</span> <span class='ocrx_word' id='word_1_96' title='bbox 973 2088 1000 2156; x_wconf 93' lang='lat' dir='ltr'>si</span> <span class='ocrx_word' id='word_1_97' title='bbox 1030 2087 1117 2157; x_wconf 87' lang='lat' dir='ltr'>rami</span> <span class='ocrx_word' id='word_1_98' title='bbox 1148 2085 1235 2156; x_wconf 85' lang='lat' dir='ltr'>salvi</span> <span class='ocrx_word' id='word_1_99' title='bbox 1329 2085 1333 2094; x_wconf 79' lang='lat'>&#39;</span> <span class='ocrx_word' id='word_1_100' title='bbox 1373 2077 1379 2092; x_wconf 86' lang='lat'>&#39;</span> 
     </span>
     <span class='ocr_line' id='line_1_15' title="bbox 186 2202 1234 2284; baseline -0.001 -11"><span class='ocrx_word' id='word_1_101' title='bbox 186 2203 283 2284; x_wconf 87' lang='lat' dir='ltr'>fiant,</span> <span class='ocrx_word' id='word_1_102' title='bbox 301 2209 339 2272; x_wconf 89' lang='lat' dir='ltr'>et</span> <span class='ocrx_word' id='word_1_103' title='bbox 361 2203 461 2272; x_wconf 67' lang='lat' dir='ltr'>mlix</span> <span class='ocrx_word' id='word_1_104' title='bbox 487 2203 584 2274; x_wconf 89' lang='lat' dir='ltr'>salva</span> <span class='ocrx_word' id='word_1_105' title='bbox 609 2205 665 2274; x_wconf 90' lang='lat' dir='ltr'>sit.</span> <span class='ocrx_word' id='word_1_106' title='bbox 717 2203 957 2274; x_wconf 83' lang='lat' dir='ltr'>Accessemnt</span> <span class='ocrx_word' id='word_1_107' title='bbox 979 2202 1038 2272; x_wconf 89' lang='lat' dir='ltr'>alii</span> <span class='ocrx_word' id='word_1_108' title='bbox 1064 2203 1234 2283; x_wconf 82' lang='lat' dir='ltr'>haeretioi,</span> 
     </span>
     <span class='ocr_line' id='line_1_16' title="bbox 141 2319 1237 2414; baseline 0.005 -31"><span class='ocrx_word' id='word_1_109' title='bbox 141 2341 175 2402; x_wconf 72' lang='grc' dir='ltr'>ις</span> <span class='ocrx_word' id='word_1_110' title='bbox 188 2322 247 2414; x_wconf 89' lang='lat' dir='ltr'>qui</span> <span class='ocrx_word' id='word_1_111' title='bbox 266 2320 435 2390; x_wconf 87' lang='lat' dir='ltr'>dicuntur</span> <span class='ocrx_word' id='word_1_112' title='bbox 450 2323 644 2392; x_wconf 87' lang='lat' dir='ltr'>secundum</span> <span class='ocrx_word' id='word_1_113' title='bbox 659 2320 836 2414; x_wconf 87' lang='lat' dir='ltr'>Phrygas:</span> <span class='ocrx_word' id='word_1_114' title='bbox 855 2319 916 2390; x_wconf 90' lang='lat' dir='ltr'>sed</span> <span class='ocrx_word' id='word_1_115' title='bbox 933 2319 1060 2390; x_wconf 91' lang='lat' dir='ltr'>horum</span> <span class='ocrx_word' id='word_1_116' title='bbox 1078 2342 1148 2390; x_wconf 92' lang='lat' dir='ltr'>non</span> <span class='ocrx_word' id='word_1_117' title='bbox 1166 2342 1237 2389; x_wconf 85' lang='lat' dir='ltr'>una</span> 
     </span>
     <span class='ocr_line' id='line_1_17' title="bbox 187 2436 1234 2531; baseline -0.002 -23"><span class='ocrx_word' id='word_1_118' title='bbox 187 2439 346 2509; x_wconf 84' lang='lat' dir='ltr'>doctrina</span> <span class='ocrx_word' id='word_1_119' title='bbox 362 2445 427 2508; x_wconf 87' lang='lat' dir='ltr'>est.</span> <span class='ocrx_word' id='word_1_120' title='bbox 471 2437 564 2508; x_wconf 84' lang='lat' dir='ltr'>Sunt</span> <span class='ocrx_word' id='word_1_121' title='bbox 581 2440 676 2508; x_wconf 92' lang='lat' dir='ltr'>enim</span> <span class='ocrx_word' id='word_1_122' title='bbox 694 2438 754 2531; x_wconf 89' lang='lat' dir='ltr'>qni</span> <span class='ocrx_word' id='word_1_123' title='bbox 772 2437 860 2507; x_wconf 68' lang='lat' dir='ltr'>kata</span> <span class='ocrx_word' id='word_1_124' title='bbox 878 2436 1044 2508; x_wconf 90' lang='lat' dir='ltr'>Proclum</span> <span class='ocrx_word' id='word_1_125' title='bbox 1061 2438 1234 2518; x_wconf 89' lang='lat' dir='ltr'>dicantur,</span> 
     </span>
     <span class='ocr_line' id='line_1_18' title="bbox 186 2552 1233 2647; baseline -0.003 -22"><span class='ocrx_word' id='word_1_126' title='bbox 186 2563 270 2626; x_wconf 88' lang='lat' dir='ltr'>sunt</span> <span class='ocrx_word' id='word_1_127' title='bbox 298 2555 358 2647; x_wconf 93' lang='lat' dir='ltr'>qui</span> <span class='ocrx_word' id='word_1_128' title='bbox 388 2554 583 2625; x_wconf 88' lang='lat' dir='ltr'>secundum</span> <span class='ocrx_word' id='word_1_129' title='bbox 614 2553 818 2624; x_wconf 84' lang='lat' dir='ltr'>AEsohinem</span> <span class='ocrx_word' id='word_1_130' title='bbox 847 2555 1130 2646; x_wconf 87' lang='lat' dir='ltr'>pronuntientur.</span> <span class='ocrx_word' id='word_1_131' title='bbox 1183 2552 1233 2622; x_wconf 92' lang='lat' dir='ltr'>Hi</span> 
     </span>
     <span class='ocr_line' id='line_1_19' title="bbox 185 2670 1236 2765; baseline -0.001 -23"><span class='ocrx_word' id='word_1_132' title='bbox 185 2671 319 2744; x_wconf 85' lang='lat' dir='ltr'>habent</span> <span class='ocrx_word' id='word_1_133' title='bbox 341 2671 446 2742; x_wconf 89' lang='lat' dir='ltr'>aliam</span> <span class='ocrx_word' id='word_1_134' title='bbox 473 2694 700 2742; x_wconf 86' lang='lat' dir='ltr'>communem</span> <span class='ocrx_word' id='word_1_135' title='bbox 727 2671 994 2765; x_wconf 88' lang='lat' dir='ltr'>blasphemiam,</span> <span class='ocrx_word' id='word_1_136' title='bbox 1012 2671 1118 2741; x_wconf 89' lang='lat' dir='ltr'>aliam</span> <span class='ocrx_word' id='word_1_137' title='bbox 1144 2670 1236 2741; x_wconf 87' lang='lat' dir='ltr'>blas-</span> 
     </span>
     <span class='ocr_line' id='line_1_20' title="bbox 185 2788 1235 2882; baseline 0.002 -24"><span class='ocrx_word' id='word_1_138' title='bbox 185 2789 365 2882; x_wconf 86' lang='lat' dir='ltr'>phemiam</span> <span class='ocrx_word' id='word_1_139' title='bbox 390 2811 461 2859; x_wconf 94' lang='lat' dir='ltr'>non</span> <span class='ocrx_word' id='word_1_140' title='bbox 488 2811 724 2871; x_wconf 90' lang='lat' dir='ltr'>communem,</span> <span class='ocrx_word' id='word_1_141' title='bbox 742 2789 805 2859; x_wconf 89' lang='lat' dir='ltr'>sed</span> <span class='ocrx_word' id='word_1_142' title='bbox 827 2788 1042 2881; x_wconf 81' lang='lat' dir='ltr'>peculiarem</span> <span class='ocrx_word' id='word_1_143' title='bbox 1060 2796 1097 2858; x_wconf 91' lang='lat' dir='ltr'>et</span> <span class='ocrx_word' id='word_1_144' title='bbox 1115 2810 1235 2860; x_wconf 88' lang='lat' dir='ltr'>suam:</span> 
     </span>
     <span class='ocr_line' id='line_1_21' title="bbox 140 2902 1237 3000; baseline 0.003 -29"><span class='ocrx_word' id='word_1_145' title='bbox 140 2914 225 2978; x_wconf 67' lang='lat' dir='ltr'>nost</span> <span class='ocrx_word' id='word_1_146' title='bbox 242 2902 337 3000; x_wconf 81' lang='lat' dir='ltr'>(sor.</span> <span class='ocrx_word' id='word_1_147' title='bbox 354 2903 528 2996; x_wconf 87' lang='lat' dir='ltr'>particula</span> <span class='ocrx_word' id='word_1_148' title='bbox 545 2913 577 2974; x_wconf 82' lang='lat' dir='ltr'>et</span> <span class='ocrx_word' id='word_1_149' title='bbox 593 2903 720 2974; x_wconf 86' lang='lat' dir='ltr'>melius</span> <span class='ocrx_word' id='word_1_150' title='bbox 745 2905 898 2996; x_wconf 89' lang='lat' dir='ltr'>abesset)</span> <span class='ocrx_word' id='word_1_151' title='bbox 916 2926 1142 2976; x_wconf 89' lang='lat' dir='ltr'>communem</span> <span class='ocrx_word' id='word_1_152' title='bbox 1160 2906 1237 2997; x_wconf 92' lang='lat' dir='ltr'>qui-</span> 
     </span>
     <span class='ocr_line' id='line_1_22' title="bbox 28 3009 1235 3112; baseline -0.001 -22"><span class='ocrx_word' id='word_1_153' title='bbox 28 3009 32 3018; x_wconf 64' lang='grc'>’</span> <span class='ocrx_word' id='word_1_154' title='bbox 187 3021 270 3090; x_wconf 89' lang='lat' dir='ltr'>dem</span> <span class='ocrx_word' id='word_1_155' title='bbox 288 3019 395 3104; x_wconf 87' lang='lat' dir='ltr'>illam,</span> <span class='ocrx_word' id='word_1_156' title='bbox 413 3044 483 3112; x_wconf 92' lang='lat' dir='ltr'>qua</span> <span class='ocrx_word' id='word_1_157' title='bbox 507 3021 544 3090; x_wconf 91' lang='lat' dir='ltr'>in</span> <span class='ocrx_word' id='word_1_158' title='bbox 570 3020 738 3112; x_wconf 90' lang='lat' dir='ltr'>apostolis</span> <span class='ocrx_word' id='word_1_159' title='bbox 763 3020 907 3111; x_wconf 88' lang='lat' dir='ltr'>quidem</span> <span class='ocrx_word' id='word_1_160' title='bbox 926 3020 1045 3090; x_wconf 86' lang='lat' dir='ltr'>dicant</span> <span class='ocrx_word' id='word_1_161' title='bbox 1063 3019 1235 3111; x_wconf 85' lang='lat' dir='ltr'>Spiritum</span> 
     </span>
     <span class='ocr_line' id='line_1_23' title="bbox 189 3134 1237 3227; baseline -0.002 -20"><span class='ocrx_word' id='word_1_162' title='bbox 189 3135 361 3207; x_wconf 87' lang='lat' dir='ltr'>Sanctum</span> <span class='ocrx_word' id='word_1_163' title='bbox 396 3136 513 3216; x_wconf 83' lang='lat' dir='ltr'>fuisse,</span> <span class='ocrx_word' id='word_1_164' title='bbox 550 3134 774 3207; x_wconf 88' lang='lat' dir='ltr'>Paracletum</span> <span class='ocrx_word' id='word_1_165' title='bbox 813 3158 885 3205; x_wconf 85' lang='lat' dir='ltr'>non</span> <span class='ocrx_word' id='word_1_166' title='bbox 918 3136 1053 3218; x_wconf 81' lang='lat' dir='ltr'>fuisse3</span> <span class='ocrx_word' id='word_1_167' title='bbox 1097 3145 1133 3205; x_wconf 87' lang='lat' dir='ltr'>et</span> <span class='ocrx_word' id='word_1_168' title='bbox 1167 3158 1237 3227; x_wconf 84' lang='lat' dir='ltr'>qua</span> 
     </span>
     <span class='ocr_line' id='line_1_24' title="bbox 189 3250 1236 3350; baseline -0.001 -29"><span class='ocrx_word' id='word_1_169' title='bbox 189 3252 309 3350; x_wconf 79' lang='lat' dir='ltr'>dicant</span> <span class='ocrx_word' id='word_1_170' title='bbox 327 3250 550 3322; x_wconf 84' lang='lat' dir='ltr'>Paracletum</span> <span class='ocrx_word' id='word_1_171' title='bbox 580 3252 683 3344; x_wconf 91' lang='lat' dir='ltr'>plura</span> <span class='ocrx_word' id='word_1_172' title='bbox 706 3253 744 3320; x_wconf 89' lang='lat' dir='ltr'>in</span> <span class='ocrx_word' id='word_1_173' title='bbox 771 3251 947 3321; x_wconf 87' lang='lat' dir='ltr'>Montano</span> <span class='ocrx_word' id='word_1_174' title='bbox 972 3252 1236 3342; x_wconf 71' lang='lat' dir='ltr'>dixissequam</span> 
     </span>
     <span class='ocr_line' id='line_1_25' title="bbox 189 3366 1236 3463; baseline -0.002 -24"><span class='ocrx_word' id='word_1_175' title='bbox 189 3367 370 3439; x_wconf 85' lang='lat' dir='ltr'>Christum</span> <span class='ocrx_word' id='word_1_176' title='bbox 405 3369 442 3437; x_wconf 92' lang='lat' dir='ltr'>iu</span> <span class='ocrx_word' id='word_1_177' title='bbox 476 3367 701 3463; x_wconf 85' lang='lat' dir='ltr'>evangelium</span> <span class='ocrx_word' id='word_1_178' title='bbox 735 3366 952 3460; x_wconf 89' lang='lat' dir='ltr'>protulisse;</span> <span class='ocrx_word' id='word_1_179' title='bbox 996 3391 1061 3438; x_wconf 89' lang='lat' dir='ltr'>nec</span> <span class='ocrx_word' id='word_1_180' title='bbox 1095 3377 1236 3438; x_wconf 87' lang='lat' dir='ltr'>tautum</span> 
     </span>
     <span class='ocr_line' id='line_1_26' title="bbox 109 3483 1236 3578; baseline 0.002 -27"><span class='ocrx_word' id='word_1_181' title='bbox 109 3569 112 3576; x_wconf 24' lang='grc' dir='ltr'>Ι</span> <span class='ocrx_word' id='word_1_182' title='bbox 143 3485 299 3578; x_wconf 83' lang='lat' dir='ltr'>25plura,</span> <span class='ocrx_word' id='word_1_183' title='bbox 330 3483 392 3554; x_wconf 88' lang='lat' dir='ltr'>sed</span> <span class='ocrx_word' id='word_1_184' title='bbox 423 3486 531 3555; x_wconf 88' lang='lat' dir='ltr'>etiarn</span> <span class='ocrx_word' id='word_1_185' title='bbox 562 3483 709 3556; x_wconf 90' lang='lat' dir='ltr'>meliora</span> <span class='ocrx_word' id='word_1_186' title='bbox 738 3495 846 3577; x_wconf 87' lang='lat' dir='ltr'>atque</span> <span class='ocrx_word' id='word_1_187' title='bbox 872 3485 1026 3576; x_wconf 82' lang='lat' dir='ltr'>majora:</span> <span class='ocrx_word' id='word_1_188' title='bbox 1063 3487 1236 3576; x_wconf 83' lang='lat' dir='ltr'>privatam</span> 
     </span>
     <span class='ocr_line' id='line_1_27' title="bbox 189 3599 1237 3693; baseline -0.002 -24"><span class='ocrx_word' id='word_1_189' title='bbox 189 3607 311 3670; x_wconf 88' lang='lat' dir='ltr'>autem</span> <span class='ocrx_word' id='word_1_190' title='bbox 341 3599 597 3692; x_wconf 84' lang='lat' dir='ltr'>blasphemiam</span> <span class='ocrx_word' id='word_1_191' title='bbox 626 3599 690 3683; x_wconf 93' lang='lat' dir='ltr'>illi,</span> <span class='ocrx_word' id='word_1_192' title='bbox 714 3602 774 3693; x_wconf 94' lang='lat' dir='ltr'>qui</span> <span class='ocrx_word' id='word_1_193' title='bbox 805 3606 887 3670; x_wconf 85' lang='lat' dir='ltr'>sunt</span> <span class='ocrx_word' id='word_1_194' title='bbox 914 3599 1001 3669; x_wconf 74' lang='lat' dir='ltr'>kata</span> <span class='ocrx_word' id='word_1_195' title='bbox 1023 3599 1237 3680; x_wconf 77' lang='lat' dir='ltr'>AEschinem</span> 
     </span>
     <span class='ocr_line' id='line_1_28' title="bbox 188 3715 1238 3809; baseline -0.003 -22"><span class='ocrx_word' id='word_1_196' title='bbox 188 3715 280 3787; x_wconf 88' lang='lat' dir='ltr'>hanc</span> <span class='ocrx_word' id='word_1_197' title='bbox 315 3715 460 3799; x_wconf 86' lang='lat' dir='ltr'>habent,</span> <span class='ocrx_word' id='word_1_198' title='bbox 491 3739 561 3809; x_wconf 91' lang='lat' dir='ltr'>qua</span> <span class='ocrx_word' id='word_1_199' title='bbox 594 3717 765 3809; x_wconf 82' lang='lat' dir='ltr'>mljicinnt</span> <span class='ocrx_word' id='word_1_200' title='bbox 799 3719 907 3787; x_wconf 84' lang='lat' dir='ltr'>etiam</span> <span class='ocrx_word' id='word_1_201' title='bbox 941 3717 1019 3799; x_wconf 87' lang='lat' dir='ltr'>hoo,</span> <span class='ocrx_word' id='word_1_202' title='bbox 1050 3727 1091 3787; x_wconf 87' lang='lat' dir='ltr'>ut</span> <span class='ocrx_word' id='word_1_203' title='bbox 1118 3717 1238 3787; x_wconf 83' lang='lat' dir='ltr'>dicent</span> 
     </span>
     <span class='ocr_line' id='line_1_29' title="bbox 190 3830 978 3924; baseline 0.003 -23"><span class='ocrx_word' id='word_1_204' title='bbox 190 3830 371 3902; x_wconf 86' lang='lat' dir='ltr'>Christum</span> <span class='ocrx_word' id='word_1_205' title='bbox 389 3834 504 3924; x_wconf 93' lang='lat' dir='ltr'>ipsum</span> <span class='ocrx_word' id='word_1_206' title='bbox 524 3855 600 3902; x_wconf 89' lang='lat' dir='ltr'>esse</span> <span class='ocrx_word' id='word_1_207' title='bbox 619 3831 750 3902; x_wconf 86' lang='lat' dir='ltr'>Filium</span> <span class='ocrx_word' id='word_1_208' title='bbox 767 3843 805 3902; x_wconf 87' lang='lat' dir='ltr'>et</span> <span class='ocrx_word' id='word_1_209' title='bbox 824 3832 978 3904; x_wconf 86' lang='lat' dir='ltr'>Patrem.</span> 
     </span>
     <span class='ocr_line' id='line_1_30' title="bbox 242 3947 1403 4040; baseline 0.005 -24"><span class='ocrx_word' id='word_1_210' title='bbox 242 3947 307 4017; x_wconf 86' lang='lat' dir='ltr'>Est</span> <span class='ocrx_word' id='word_1_211' title='bbox 323 3955 497 4040; x_wconf 85' lang='lat' dir='ltr'>praeterea</span> <span class='ocrx_word' id='word_1_212' title='bbox 513 3947 569 4016; x_wconf 89' lang='lat' dir='ltr'>his</span> <span class='ocrx_word' id='word_1_213' title='bbox 586 3947 749 4018; x_wconf 90' lang='lat' dir='ltr'>omnibus</span> <span class='ocrx_word' id='word_1_214' title='bbox 770 3951 878 4019; x_wconf 88' lang='lat' dir='ltr'>etiam</span> <span class='ocrx_word' id='word_1_215' title='bbox 897 3948 1040 4019; x_wconf 79' lang='lat' dir='ltr'>Blastus</span> <span class='ocrx_word' id='word_1_216' title='bbox 1057 3947 1334 4030; x_wconf 74' lang='lat' dir='ltr'>accedenscar.</span> <span class='ocrx_word' id='word_1_217' title='bbox 1346 3965 1403 4022; x_wconf 65' lang='lat' dir='ltr'>111.x</span> 
     </span>
     <span class='ocr_line' id='line_1_31' title="bbox 142 4061 1240 4155; baseline -0.004 -19"><span class='ocrx_word' id='word_1_218' title='bbox 142 4063 250 4154; x_wconf 87' lang='lat' dir='ltr'>30qui</span> <span class='ocrx_word' id='word_1_219' title='bbox 281 4062 435 4133; x_wconf 86' lang='lat' dir='ltr'>latenter</span> <span class='ocrx_word' id='word_1_220' title='bbox 461 4061 686 4133; x_wconf 87' lang='lat' dir='ltr'>Judaismum</span> <span class='ocrx_word' id='word_1_221' title='bbox 715 4063 792 4133; x_wconf 90' lang='lat' dir='ltr'>vult</span> <span class='ocrx_word' id='word_1_222' title='bbox 822 4064 1072 4146; x_wconf 81' lang='lat' dir='ltr'>introducere3</span> <span class='ocrx_word' id='word_1_223' title='bbox 1109 4061 1240 4155; x_wconf 88' lang='lat' dir='ltr'>pascha</span> 
     </span>
     <span class='ocr_line' id='line_1_32' title="bbox 192 4177 1240 4260; baseline 0 -12"><span class='ocrx_word' id='word_1_224' title='bbox 192 4179 286 4248; x_wconf 91' lang='lat' dir='ltr'>enim</span> <span class='ocrx_word' id='word_1_225' title='bbox 305 4178 391 4249; x_wconf 89' lang='lat' dir='ltr'>dicit</span> <span class='ocrx_word' id='word_1_226' title='bbox 407 4200 480 4248; x_wconf 92' lang='lat' dir='ltr'>non</span> <span class='ocrx_word' id='word_1_227' title='bbox 505 4177 610 4248; x_wconf 82' lang='lat' dir='ltr'>aliter</span> <span class='ocrx_word' id='word_1_228' title='bbox 634 4179 906 4249; x_wconf 86' lang='lat' dir='ltr'>custodiendum</span> <span class='ocrx_word' id='word_1_229' title='bbox 928 4203 1013 4260; x_wconf 85' lang='lat' dir='ltr'>esse,</span> <span class='ocrx_word' id='word_1_230' title='bbox 1031 4181 1099 4249; x_wconf 88' lang='lat' dir='ltr'>nisi</span> <span class='ocrx_word' id='word_1_231' title='bbox 1116 4202 1240 4249; x_wconf 87' lang='lat' dir='ltr'>secun-</span> 
     </span>
     <span class='ocr_line' id='line_1_33' title="bbox 192 4291 1239 4386; baseline 0.002 -24"><span class='ocrx_word' id='word_1_232' title='bbox 192 4292 278 4362; x_wconf 88' lang='lat' dir='ltr'>dum</span> <span class='ocrx_word' id='word_1_233' title='bbox 295 4291 412 4386; x_wconf 80' lang='lat' dir='ltr'>legem</span> <span class='ocrx_word' id='word_1_234' title='bbox 432 4291 551 4384; x_wconf 90' lang='lat' dir='ltr'>Moysi</span> <span class='ocrx_word' id='word_1_235' title='bbox 571 4313 647 4362; x_wconf 69' lang='lat' dir='ltr'>xu&#39;.</span> <span class='ocrx_word' id='word_1_236' title='bbox 666 4295 808 4364; x_wconf 88' lang='lat' dir='ltr'>mensis.</span> <span class='ocrx_word' id='word_1_237' title='bbox 851 4293 940 4377; x_wconf 86' lang='lat' dir='ltr'>Quis</span> <span class='ocrx_word' id='word_1_238' title='bbox 957 4301 1078 4364; x_wconf 83' lang='lat' dir='ltr'>autem</span> <span class='ocrx_word' id='word_1_239' title='bbox 1096 4295 1239 4376; x_wconf 83' lang='lat' dir='ltr'>nesciat,</span> 
     </span>
    </p>
   </div>
   <div class='ocr_carea' id='block_1_3' title="bbox 192 4406 1241 4596">
    <p class='ocr_par' dir='ltr' id='par_1_3' title="bbox 192 4406 1241 4596">
     <span class='ocr_line' id='line_1_34' title="bbox 192 4406 1241 4504; baseline 0.002 -26"><span class='ocrx_word' id='word_1_240' title='bbox 192 4409 359 4499; x_wconf 88' lang='lat' dir='ltr'>quoniam</span> <span class='ocrx_word' id='word_1_241' title='bbox 387 4406 592 4500; x_wconf 82' lang='lat' dir='ltr'>evangelico</span> <span class='ocrx_word' id='word_1_242' title='bbox 619 4410 734 4503; x_wconf 80' lang='lat' dir='ltr'>gratia</span> <span class='ocrx_word' id='word_1_243' title='bbox 762 4418 963 4492; x_wconf 85' lang='lat' dir='ltr'>evacuatur,</span> <span class='ocrx_word' id='word_1_244' title='bbox 991 4411 1019 4480; x_wconf 90' lang='lat' dir='ltr'>si</span> <span class='ocrx_word' id='word_1_245' title='bbox 1048 4410 1094 4480; x_wconf 89' lang='lat' dir='ltr'>ad</span> <span class='ocrx_word' id='word_1_246' title='bbox 1125 4409 1241 4504; x_wconf 84' lang='lat' dir='ltr'>legem</span> 
     </span>
     <span class='ocr_line' id='line_1_35' title="bbox 681 4531 744 4596; baseline 0.032 -2"><span class='ocrx_word' id='word_1_247' title='bbox 681 4545 702 4594; x_wconf 88' lang='lat' dir='ltr'>z</span> <span class='ocrx_word' id='word_1_248' title='bbox 722 4531 744 4596; x_wconf 79' lang='lat'><strong>2</strong></span> 
     </span>
    </p>
   </div>
   <div class='ocr_carea' id='block_1_4' title="bbox 0 0 1677 5200">
    <p class='ocr_par' dir='ltr' id='par_1_4' title="bbox 0 0 1677 5200">
     <span class='ocr_line' id='line_1_36' title="bbox 0 0 1677 5200; baseline 0 0"><span class='ocrx_word' id='word_1_249' title='bbox 0 0 1677 5200; x_wconf 95' lang='lat' dir='ltr'> </span> 
     </span>
    </p>
   </div>
  </div>
 </body>
</html>
