3316 5198
420 487 485 551 DE
510 486 909 553 PRAESCRIPTIONE
935 489 1060 553 ΗΕΒ.
1201 489 1263 556 147

215 665 352 730 tatum:
389 661 440 731 sic
467 662 563 731 enim
592 663 769 756 apostolos
800 662 890 734 solet
924 663 1050 745 facere,
1081 663 1164 734 dare
1193 661 1263 734 illis
1273 672 1351 723 Marc-
1363 673 1414 723 xvi·

214 783 388 868 praeterea
404 777 574 848 virtutem
595 778 720 849 eadem
746 779 846 872 signa
868 777 1006 862 edendi,
1025 801 1105 870 quae
1122 787 1160 850 et
1177 780 1262 871 ipse.

216 891 312 962 Volo
339 893 449 986 igitur
476 901 513 963 et
544 895 693 965 virtutes
723 917 845 964 eorum
874 894 1041 987 proferri:
1072 896 1138 965 nisi
1168 895 1262 986 quod

215 1031 366 1102 agnosco
400 1011 593 1081 maximam
628 1011 796 1081 virtutem
827 1035 960 1094 eorum,
988 1035 1057 1104 qua
1086 1009 1263 1103 apostolos

186 1125 251 1201 sin
285 1147 488 1218 perversum
531 1125 778 1210 aemulantur;
821 1125 873 1197 illi
907 1129 1001 1197 enim
1037 1127 1081 1197 de
1115 1126 1263 1197 mortuis

214 1241 442 1324 suscitabant,
460 1243 519 1312 isti
537 1243 582 1313 de
600 1243 688 1312 vivis
705 1250 865 1314 mortuos
882 1243 1027 1313 faciunt.

264 1355 336 1426 Sed
362 1357 407 1427 ab
437 1379 585 1428 excessu
611 1366 768 1428 revertar
790 1357 835 1428 ad
858 1356 1156 1450 principalitatem
1174 1358 1263 1426 veri·
1299 1367 1389 1482 {gl

214 1472 291 1554 tati,
321 1481 359 1542 ct
392 1473 637 1564 posteritatem
671 1472 901 1544 mendacitati
936 1473 1185 1566 deputandam,
1216 1495 1263 1542 ex
1393 1467 1400 1482 '

212 1587 306 1658 illius
323 1611 464 1680 quoque
480 1589 657 1681 parabolae
674 1589 878 1681 patrocinio,
893 1612 973 1680 quae
991 1589 1123 1660 bonum
1140 1611 1262 1658 semen
1272 1597 1346 1648 nac
1358 1599 1409 1646 xiii·

169 1702 382 1774 rofrumenti
399 1727 421 1774 a
438 1704 594 1776 Domino
612 1706 826 1777 seminatum
842 1707 880 1776 in
897 1705 1050 1797 primore
1067 1705 1261 1786 constituit,

212 1841 402 1890 avenarum
420 1829 542 1892 autem
559 1821 687 1892 sterilis
708 1821 793 1890 foeni
819 1820 1035 1891 adulterium
1056 1820 1102 1890 ab
1119 1821 1261 1890 inimico

213 1935 353 2006 diabolo
370 1945 494 2029 postea
511 1935 725 2029 superducit.
754 1935 899 2028 Proprie
912 1937 1008 2007 enim
1022 1935 1261 2005 doctrinarum

213 2051 476 2123 distinctionem
515 2053 653 2146 figurat,
688 2053 772 2144 quia
813 2061 851 2121 et
890 2050 974 2121 alibi
1008 2051 1156 2121 verbum
1192 2049 1392 2120 Deilaeviii·

213 2169 356 2238 seminis
385 2166 478 2264 (sor.
499 2176 541 2239 ut
570 2168 654 2239 alibi
681 2167 779 2238 verbi
804 2165 873 2237 Dei
903 2170 1040 2260 semen)
1067 2166 1261 2236 similitudo

168 2291 287 2368 r5est3
314 2283 364 2353 ita
389 2307 436 2354 ex
463 2285 539 2376 ipso
568 2283 690 2352 ordine
710 2282 966 2364 manifestatur,
984 2282 1020 2352 id
1042 2303 1119 2351 esse
1137 2279 1262 2351 Domi-

213 2397 332 2467 nicum
349 2406 387 2468 et
404 2421 537 2481 vemm,
556 2399 650 2489 quod
676 2399 722 2468 sit
747 2399 844 2490 prius
861 2397 1052 2466 traditum:
1078 2395 1115 2464 id
1139 2403 1261 2464 autem

212 2521 421 2584 extraneum
449 2523 487 2584 et
512 2513 650 2596 falsum,
668 2513 762 2605 quod
785 2515 832 2583 sit
852 2512 1027 2606 posterius
1052 2511 1259 2582 immissum.

212 2627 266 2699 Ea
290 2631 466 2700 sententia
486 2629 645 2700 manebit
672 2627 837 2700 adversus
867 2629 1078 2721 posteriores
1104 2649 1260 2719 quasque

211 2741 396 2826 haereses;
438 2743 565 2836 quibus
599 2741 698 2813 nulla
731 2743 931 2813 constantia
964 2742 1009 2810 de
1045 2741 1260 2812 conscientia

165 2889 202 2930 ιο
211 2861 382 2951 competit
407 2859 452 2930 ad
478 2859 737 2930 defendendam
763 2859 830 2929 sibi
848 2861 1047 2928 veritatem.

261 2973 441 3057 Ceterum,
476 2976 505 3046 si
543 2997 624 3068 quae
663 2975 796 3045 audent
830 2976 1038 3045 interserere
1081 2997 1119 3042 se
1159 2975 1258 3044 aetati
1289 2978 1392 3091 ὦῶ

212 3089 425 3182 apostolicae,
446 3100 488 3160 ut
514 3091 596 3162 ideo
622 3092 809 3161 videantur
837 3089 882 3160 ab
912 3088 1079 3181 apostolis
1106 3089 1258 3172 traditae,
1395 3076 1401 3090 ⁸

211 3206 294 3298 quia
310 3205 377 3276 sub
394 3205 561 3298 apostolis
583 3207 749 3289 fuerunt;
774 3227 960 3297 possumus
986 3205 1124 3274 dicere:
1151 3204 1258 3274 edant

210 3343 295 3415 ergo
312 3323 464 3415 origines
481 3321 709 3393 ecclesiarum
726 3344 889 3393 suarum:
916 3320 1081 3391 evolvant
1099 3320 1257 3390 ordinem

164 3439 453 3531 25episcopomm
476 3461 630 3522 suorum,
652 3440 704 3508 ito
725 3462 788 3532 per
819 3437 1056 3508 successiones
1085 3435 1131 3506 ab
1156 3435 1257 3505 initio

210 3553 467 3637 decurrentem,
493 3563 535 3624 ut
563 3557 698 3648 primus
727 3554 788 3624 ille
816 3556 1000 3646 episcopus
1029 3551 1184 3644 aliquem
1211 3573 1257 3621 ex

209 3671 377 3763 apostolis
402 3671 458 3742 vel
488 3670 689 3764 apostolicis
712 3671 804 3753 viris,
831 3672 891 3762 qui
920 3677 1149 3740 tamencum
1175 3689 1258 3759 apo·

210 3786 309 3858 stolis
335 3789 619 3880 perseveraverit,
641 3786 805 3857 habuerit
830 3794 1023 3866 auctorem,
1041 3791 1078 3853 et
1098 3792 1257 3853 anteces-

210 3923 336 3973 sorem.
388 3902 470 3973 Hoo
488 3904 583 3973 enim
601 3904 707 3973 modo
728 3902 888 3974 ecclesiae
910 3899 1114 3994 apostolicae
1131 3921 1257 3969 census

161 4037 291 4104 3osuos
325 4018 512 4089 deferunt:
548 4020 640 4089 sicut
671 4017 933 4112 Smyrnaeorum
970 4014 1119 4086 ecclesia
1152 4011 1258 4106 Poly-

210 4155 355 4227 carpum
382 4135 427 4205 ab
453 4134 592 4207 Joanne
618 4133 842 4205 conlocatum
863 4133 991 4203 refert:
1017 4132 1109 4203 sicut
1127 4129 1258 4200 Roma·

209 4271 346 4333 norum,
388 4249 612 4322 Clementem
652 4273 674 4320 a
715 4249 823 4320 Petro
866 4249 1067 4319 ordinatum
1110 4246 1256 4318 itidem:

209 4366 354 4458 perinde
371 4367 495 4459 utique
512 4376 550 4437 et
568 4375 697 4442 oeterae
721 4365 903 4448 exhibent,
921 4388 1009 4456 quos
1026 4364 1072 4435 ab
1089 4362 1257 4456 apostolis

706 4488 772 4554 112
