3314 5190
367 481 432 548 DE
456 483 614 550 OPERE
638 485 703 550 ΕΤ
726 485 1078 551 ELEEMOSYNIS.
1186 485 1252 550 30⁵

200 681 283 732 cum
319 656 475 730 Domino
507 657 586 730 Deo
615 667 691 744 tuo,
721 659 857 731 fructus
887 669 969 732 tuos
1003 660 1134 752 pertire
1170 682 1252 730 cum

200 775 353 859 Christo,
377 775 434 848 fac
456 774 524 846 tibi
547 776 806 868 possessionum
828 775 1049 846 terrestrium
1071 774 1252 847 Christum

198 893 418 987 participem,
435 899 536 964 utet
558 891 620 964 ille
643 901 680 964 te
703 893 770 964 sibi
793 892 900 966 faciet
922 915 1112 986 regnorum
1133 889 1251 964 coeles

199 1009 291 1083 tium
309 1009 546 1083 cohaeredem.

171 1151 188 1214 5
250 1125 300 1196 X.
319 1124 425 1198 Erras
446 1134 485 1196 et
506 1125 638 1198 felleris
661 1126 818 1218 quisquis
834 1134 873 1196 te
897 1127 934 1196 in
955 1123 1083 1198 soeculo
1104 1123 1253 1196 divitem

199 1241 323 1314 credis.
374 1240 474 1314 Audi
490 1242 528 1312 in
545 1240 760 1335 Apocalypsi
784 1241 931 1312 Domini
949 1243 1003 1312 tui
1021 1263 1145 1312 vocem
1163 1240 1254 1331 ejus-

198 1358 297 1430 modi
326 1357 488 1430 homiues
515 1359 623 1452 justis
653 1356 958 1453 objurgationibus
987 1359 1252 1450 increpantem:

199 1471 312 1557 Dicis,
342 1474 469 1567 inquit
499 1474 592 1548 dices
621 1497 707 1558 sunt,
730 1482 762 1546 et
788 1473 919 1547 ditatur
948 1498 1034 1559 sum,
1063 1481 1094 1546 et
1124 1471 1384 1555 ιιιιιιιιιιιρωιιι.

199 1590 254 1663 rei
277 1613 378 1688 egem
412 1599 445 1662 et
471 1591 581 1664 mois
604 1589 767 1684 quoniam
794 1598 831 1662 to
856 1614 891 1661 es
914 1589 1029 1672 miser,
1052 1598 1084 1660 et
1110 1589 1254 1660 miserm

153 1741 191 1782 ιο
199 1703 288 1790 bilis,
320 1715 354 1778 et
377 1729 523 1802 pauper,
553 1715 586 1778 et
614 1729 732 1788 coecrm,
768 1715 800 1778 el
836 1705 961 1778 nolus.
1011 1703 1151 1778 Suadeo
1190 1702 1254 1776 tibi

199 1846 309 1896 emere
330 1846 353 1898 a
377 1847 430 1896 me
454 1847 579 1896 aurum
605 1822 752 1919 ignitum
778 1821 821 1894 de
844 1821 929 1919 igni,
956 1830 997 1892 ut
1020 1820 1070 1892 sis
1093 1819 1196 1905 dioec,
1222 1829 1254 1894 ct

199 1947 320 2011 vestm
359 1935 481 2023 allam
515 1948 553 2010 ut
582 1937 751 2022 castioris,
781 1948 813 2010 et
846 1961 915 2010 non
949 1946 1115 2032 appareat
1149 1937 1188 2007 in
1223 1946 1254 2010 te

188 2052 338 2150 surditas
363 2055 533 2129 nuditatis
557 2064 636 2139 tuoe,
661 2063 694 2126 et
715 2051 860 2148 collyrio
882 2053 1010 2150 inunge
1039 2049 1153 2124 cordos
1179 2061 1254 2126 loos

199 2177 238 2240 ut
261 2169 387 2242 videos.
438 2170 510 2256 Qui
537 2194 622 2265 ergo
647 2169 806 2264 locuples
831 2177 869 2240 et
894 2169 993 2240 dives
1018 2191 1066 2252 es,
1084 2191 1164 2240 ome
1187 2168 1253 2238 tibi

154 2307 221 2380 15o
237 2285 380 2360 Christo
402 2308 528 2358 surum
549 2287 713 2381 ignitum,
736 2295 779 2358 ut
804 2284 965 2358 sordibus
989 2285 1060 2356 tuis
1084 2292 1253 2376 tauquam

198 2401 282 2495 igne
307 2403 473 2488 decoctis,
501 2426 578 2476 esse
608 2427 734 2478 surum
759 2401 934 2472 mundum
959 2401 1081 2494 possis,
1106 2401 1136 2471 si
1161 2398 1255 2470 else-

199 2519 354 2612 mosyuis
388 2528 427 2590 et
454 2521 554 2613 justa
587 2521 793 2614 operatione
829 2517 1000 2611 purgeris.
1063 2515 1154 2586 Eme
1188 2514 1254 2585 tibi

198 2634 317 2708 elbum
335 2645 482 2720 vestem,
500 2639 619 2728 utqui
643 2635 838 2708 secuudum
855 2631 976 2705 Adem
994 2633 1110 2704 nudus
1126 2631 1253 2715 muas,

199 2759 238 2824 et
263 2751 431 2824 horrebas
460 2759 545 2824 ente
570 2751 749 2833 deformis,
775 2750 986 2820 indumento
1016 2747 1149 2818 Christi
1172 2771 1254 2819 con-

153 2868 284 2942 sodido
310 2869 478 2940 vestieris.
531 2866 580 2936 Et
604 2889 683 2957 quoe
711 2872 873 2936 matrona
902 2863 1060 2956 locuples
1089 2870 1127 2934 et
1156 2865 1254 2934 dives

200 3005 248 3065 es,
265 2983 398 3076 inunge
416 2981 537 3053 oculos
554 2989 645 3062 tuos,
663 3003 734 3051 non
752 2980 858 3049 stibio
876 2977 1018 3060 dioboli,
1031 2979 1094 3048 sed
1108 2976 1253 3070 collyrio

201 3099 354 3181 Christi3
392 3105 434 3168 ut
466 3097 651 3190 pervenire
680 3093 726 3166 od
760 3095 951 3166 videndum
983 3093 1102 3164 Deum
1132 3094 1253 3185 possis,

200 3216 287 3288 dum
305 3213 423 3288 Deum
442 3222 479 3284 et
497 3213 661 3307 operibus
678 3220 717 3282 et
733 3208 890 3282 moribus
910 3209 1129 3302 promereris.
1173 3208 1253 3280 Cae-

12 3423 13 3430 ¹
200 3340 318 3404 terum
344 3353 423 3422 que
448 3329 531 3402 telis
556 3351 604 3412 es,
630 3351 696 3400 uec
722 3325 858 3419 operari
889 3326 927 3396 in
957 3323 1106 3396 ecclesis
1131 3333 1251 3417 potes:

12 3449 13 3470 ¹
154 3445 379 3542 25Egentem
409 3449 572 3520 enimet
602 3467 793 3540 pauperem
822 3465 893 3514 non
923 3442 1046 3514 vident
1076 3442 1170 3512 oculi
1199 3443 1252 3512 tui

200 3562 374 3654 superfusi
391 3563 540 3656 nigroris
557 3561 713 3634 tenebris
730 3569 768 3631 et
785 3567 890 3630 noete
906 3559 1073 3629 contecti.

251 3673 321 3748 XI.
352 3677 529 3772 Locuples
553 3686 592 3750 et
617 3677 716 3748 dives
743 3699 791 3758 es,
818 3675 1047 3758 Dominicum
1075 3673 1253 3746 celebrere

200 3795 384 3878 tetradis,
410 3817 492 3887 qum
512 3793 643 3866 corben
671 3794 817 3862 omnino
843 3791 1087 3882 nou'respieis,
1115 3813 1193 3882 quae
1216 3791 1252 3868 in

201 3907 430 3982 Dominicum
461 3912 537 3983 sine
572 3909 742 3982 sacrificio
778 3907 886 3988 venis,
922 3930 999 3999 quae
1035 3915 1174 3998 purtem
1207 3906 1252 3975 de

151 4025 369 4116 gossenilicio
407 4027 502 4119 quod
538 4049 672 4119 pauper
706 4023 838 4096 obtulit
873 4023 1005 4094 sumis?
1040 4021 1186 4092 Intuere
1216 4021 1253 4090 in

200 4141 384 4236 evangelio
401 4143 544 4217 viduam
564 4149 825 4235 preceptorum
842 4138 1041 4212 coelestium
1058 4159 1252 4210 memorem

200 4259 294 4330 iuter
309 4258 402 4350 ipsos
414 4279 592 4350 pressurus
605 4266 644 4328 et
660 4258 841 4350 uugustim
853 4257 1023 4349 egestatis
1034 4263 1252 4348 operantem,

202 4374 239 4444 in
261 4371 552 4468 gazophylacium
570 4374 641 4444 duo
664 4395 745 4464 quae
768 4370 843 4443 sols
865 4370 932 4440 sibi
953 4370 1093 4442 fuerunt
1115 4371 1253 4440 minuta

700 4507 759 4556 nr
