3294 5192
325 495 378 560 IN
402 493 619 560 CANONES
643 492 825 560 NICAENI
850 491 1079 559 CONCILII.
1166 493 1231 562 409

243 664 331 730 tibus
358 665 433 731 buio
461 665 589 731 lectioni
618 665 800 731 Bodleianis
829 665 934 730 MStis
964 665 1034 750 158.
1062 663 1132 748 196.
1157 681 1229 730 202.

200 752 275 815 stud
290 755 319 816 ol
332 754 433 818 morel
448 751 570 816 omittit
586 752 731 816 Gelusius
746 751 916 836 Cyzicenus
931 773 1003 815 oum
1015 749 1130 814 Tiliani
1145 748 1230 812 codi-

180 835 226 900 cis
245 837 509 922 interpretatione
530 837 656 914 Latina,
672 844 706 902 et
720 838 824 923 prisca
839 836 994 901 Versione
1009 836 1095 921 apud
1109 833 1230 898 Justel·

180 920 255 1000 lum,
279 931 313 987 et
339 923 481 988 versione
503 944 523 987 a
545 922 711 986 Ballerinis
736 923 832 1000 edita,
856 923 1012 1070 silentspue
1037 921 1077 986 de
1102 942 1141 984 eo
1166 921 1231 985 duo

181 1015 448 1074 commentatores
459 1008 564 1074 Graeci
575 1009 719 1073 Zonaras
730 1017 764 1073 et
776 1009 934 1073 Bulsemo.
980 1029 1033 1072 mo
1044 1029 1127 1070 nunc
1138 1005 1230 1071 video

181 1095 429 1242 prsetermissum
452 1095 537 1159 idem
559 1093 593 1157 in
619 1095 775 1158 θοποουοι
789 1095 928 1180 Epitome
948 1092 1115 1158 Lounclav.
1136 1115 1168 1192 p.
1178 1095 1230 1156 60.

211 1201 303 1265 egere
326 1188 435 1246 autem
458 1181 526 1246 vult
552 1179 738 1244 Johnsonus
763 1180 929 1245 Ganonum
955 1178 1109 1265 Anglicus
1135 1185 1231 1242 mter-

181 1287 263 1349 pres,
290 1269 316 1330 εἰ
339 1267 449 1346 πιστοί,
475 1266 536 1331 boc
559 1289 662 1341 sensu,
687 1266 714 1330 si
736 1266 811 1330 olim
834 1287 932 1332 coenae
959 1265 1134 1329 Dominicae
1181 1285 1232 1328 er-

181 1351 295 1436 ticipes
323 1352 467 1418 fuissent.
523 1351 623 1417 Haud
652 1351 743 1417 male.
796 1351 1007 1416 Nihilominus
1032 1287 1232 1415 retinendum

182 1437 308 1501 videtur
337 1438 415 1502 mihi
441 1440 470 1502 oi
498 1440 599 1504 πιστοί
628 1437 772 1523 plurimis
801 1438 967 1504 (lenonum
997 1436 1234 1502 collectionibus

181 1544 220 1588 ac
246 1522 335 1587 libris
360 1524 487 1610 scriptis
512 1523 684 1600 firmatum,
712 1531 748 1588 ut
774 1525 949 1610 jubeantur
973 1523 1235 1608 praevaricatores

183 1609 237 1694 qui
252 1611 396 1688 credunt,
403 1609 512 1693 fideles
526 1609 655 1684 scilieet,
671 1610 757 1674 inter
770 1611 936 1676 audientes
951 1608 1096 1674 collocari
1109 1634 1119 1683 ς
1139 1607 1236 1693 juxta

182 1717 221 1760 ae
246 1717 366 1760 conone
385 1695 508 1760 decimo
532 1703 623 1760 sexto
646 1703 804 1796 eoguntur
827 1696 918 1781 lapsi,
942 1696 995 1780 qui
1018 1695 1136 1758 fuerint
1165 1701 1235 1758 tan·

184 1789 254 1846 tum
272 1781 500 1860 catechumeni,
519 1781 603 1845 inter
617 1782 784 1846 audientes
805 1780 875 1846 illos
894 1782 978 1845 idem
998 1779 1151 1928 temporis
1166 1801 1236 1865 spc-

184 1867 266 1932 tium
290 1868 477 1954 transigere.
528 1866 591 1944 lta,
612 1873 650 1931 ut
674 1875 748 1953 post
773 1867 847 1946 vidi,
874 1868 907 1931 in
933 1867 1032 1932 veteri
1058 1865 1112 1930 ila
1140 1865 1238 1929 inter-

185 1953 375 2039 pretatione,
397 1975 494 2038 quam
515 1953 557 2017 ad
580 1953 741 2018 Ganonem
756 1953 855 2018 VIII.
879 1951 1060 2028 memoravi,
1083 1952 1171 2015 locus
1193 1950 1238 2014 sic

185 2039 330 2118 vertitur,
346 2040 476 2104 triennio
491 2039 571 2102 ictor
583 2039 738 2103 audieruut
756 2039 826 2114 οἱοί,
841 2038 895 2140 qui
909 2037 990 2123 λιμοί
998 2038 1122 2122 fuerim
1135 2036 1239 2120 bapti-

186 2125 259 2190 zati.
305 2126 359 2188 Ad
373 2124 504 2210 phrasin
519 2146 594 2188 vero
609 2125 693 2208 quod
708 2124 827 2189 attinet
844 2125 1090 2196 insolentiorem
1106 2125 1173 2204 τρία
1188 2123 1238 2202 ἔτη

186 2209 372 2290 ποιήσουσιν,
392 2209 537 2274 similiter
556 2209 667 2274 scribit
687 2211 719 2274 S.
734 2210 837 2274 Lucas
851 2213 921 2275 Aer.
936 2212 1043 2296 Apoet.
1058 2231 1111 2272 xx.
1123 2229 1155 2295 3.
1176 2233 1239 2272 ποι-

186 2296 264 2376 ήσας
277 2321 311 2360 τε
323 2301 419 2376 μῆνας
433 2302 520 2377 τρεῖς,
537 2295 736 2381 sanctusque
751 2296 872 2360 Paulus
895 2316 913 2363 2
928 2297 997 2360 Cor.
1010 2295 1052 2360 xi.
1066 2311 1117 2380 25.
1134 2292 1239 2372 νυκθή·

187 2407 280 2464 μερον
295 2385 330 2446 έν
343 2387 383 2445 τ”
399 2384 483 2467 βίθιρ
498 2383 654 2461 πεποίηκα.

231 2468 271 2532 Ρ.
280 2411 392 2553 377.l.
406 2469 436 2532 8.
452 2467 501 2532 rol
516 2469 590 2533 ἑπτὰ
605 2468 656 2549 ἔτη
671 2469 906 2556 emacem]
924 2467 1120 2554 Dionysiana
1136 2467 1240 2531 Inter-

187 2555 328 2640 pretatio
350 2554 401 2618 bis
423 2553 569 2638 subjecta
593 2554 766 2620 canonibus
791 2555 891 2620 babet
915 2575 965 2619 een
986 2576 1089 2618 απποι.
1133 2553 1240 2618 Aliter

188 2662 263 2705 voro
277 2648 345 2705 tom
360 2647 485 2706 oaeterae
498 2639 671 2705 Versiones
684 2641 817 2719 Latina,
834 2663 930 2727 quam
944 2641 1048 2706 Gnaei
1059 2640 1131 2705 libri
1143 2648 1177 2706 et
1188 2661 1241 2703 ex-

189 2726 256 2789 cusi
279 2733 313 2790 et
333 2726 451 2811 scripti.
495 2727 560 2792 Sed
579 2727 621 2791 ab
640 2728 786 2792 omnibus
805 2733 895 2794 totus
913 2728 1074 2813 discrepat
1087 2747 1241 2793 canonem

189 2810 273 2875 hunc
288 2811 427 2876 referens
442 2811 578 2877 Rufinus
591 2813 674 2877 Hor.
691 2813 774 2876 Ecel.
791 2835 821 2876 x.
837 2829 869 2899 5.

586 2958 739 3025 uANON
762 2957 846 3022 XII.

235 3059 317 3125 lbid.
335 3059 358 3124 l.
379 3079 428 3146 13.
452 3059 500 3124 rol
519 3060 699 3141 ἀποθέμενοι
718 3063 771 3128 τδς
789 3061 896 3145 crinas]
915 3060 965 3126 Ut
985 3083 1036 3125 res
1056 3061 1114 3124 sub
1133 3066 1242 3146 tyran-

191 3145 264 3210 nide
286 3145 397 3210 Licinii
416 3151 526 3231 gestus
544 3152 846 3210 commemoraverat
866 3167 968 3210 canon
983 3145 1179 3224 novissimus,
1196 3146 1243 3211 ita

192 3232 396 3296 duodecimus
410 3232 462 3296 bic
476 3253 579 3296 canon
593 3231 635 3296 ab
646 3231 768 3317 optimo
782 3231 957 3317 interprete
968 3233 1096 3298 Zonara
1105 3233 1148 3298 ud
1159 3233 1244 3297 idem

192 3325 319 3403 tempus
333 3318 478 3382 refertur.
502 3319 580 3400 Περὶ
594 3315 846 3398 στρατευομένων,
862 3318 909 3382 ait
923 3317 984 3396 illo,
1000 3321 1017 3381 θ
1034 3320 1131 3383 καυδν
1145 3318 1244 3384 διαλέ-

192 3429 288 3488 γεται,
305 3405 354 3469 καὶ
368 3403 600 3486 δποῤῥιψθνιων
612 3405 670 3483 μέν
684 3406 736 3471 τὸς
749 3405 852 3482 ξείνας,
867 3404 960 3487 ἤγουν
971 3407 1009 3468 τὸ
1024 3408 1073 3484 τῆς
1087 3404 1245 3486 στρατείας

193 3490 365 3572 παράσημα,
378 3491 495 3570 ὅρμημα
509 3491 542 3553 δέ
556 3489 631 3571 πρὸς
644 3492 808 3572 μαρτυρίαν
823 3489 1048 3570 ένδειξαμίνων,
1059 3488 1110 3557 οὓς
1125 3491 1173 3554 καὶ
1186 3487 1244 3552 ὑπὸ

194 3579 245 3655 τῆς
260 3577 354 3643 Θείας
368 3574 489 3658 χθριτος
509 3576 657 3655 κληθῆναί
673 3583 778 3656 φησιν,
799 3576 839 3643 ὦς
858 3577 897 3640 δι’
913 3577 1026 3655 έκείνης
1046 3575 1243 3657 έπιρῤωσθέν-

195 3687 248 3728 τας
261 3661 335 3743 πρδς
349 3661 403 3740 την
418 3659 562 3724 ἔνστασιν
575 3664 626 3740 τῆς
639 3663 802 3744 ὁμολογίας
815 3665 867 3741 τῆς
880 3663 1018 3734 πίστεως,
1032 3661 1095 3725 εἶτα
1110 3663 1144 3724 έν
1157 3685 1245 3740 μετο-

194 3749 301 3832 μελείη
325 3746 495 3829 γενομένων
521 3746 571 3811 rol
599 3747 684 3815 αὖθις
709 3749 751 3815 είς
769 3749 823 3826 τὴν
845 3746 994 3828 προτέραν
1019 3749 1247 3810 ἐπανελθόντων

196 3833 365 3914 στρατείαν,
382 3831 430 3896 καὶ
449 3833 558 3912 ταθιην
577 3833 727 3916 ἀργυρίοις
743 3833 996 3912 δνακτησομένων
1012 3830 1031 3913 ἣ
1049 3833 1242 3913 βενεφικίοις.

196 3921 245 3982 διδ
258 3921 316 3998 μὶν
330 3921 388 4000 γδρ
402 3923 462 3981 τῶν
476 3919 624 4000 ἀργυρίων
639 3923 780 3999 δηλοῦται
795 3922 832 3982 rb
846 3918 992 4002 χρήματα,
1009 3921 1057 3983 διδ
1071 3921 1103 3982 δὲ
1119 3924 1178 3982 τῶν
1191 3923 1244 3996 βε-

197 4005 340 4084 νεφικίων
355 4003 435 4068 θπον
450 4002 527 4070 εἶδος
541 4003 662 4088 χάριτός
676 4028 709 4068 τε
724 4005 773 4067 καὶ
787 4006 956 4083 δεξιιίσεως.
979 4007 1030 4082 τῆς
1040 4007 1098 4086 γὰρ
1109 4005 1246 4067 Λατίνων

197 4087 354 4154 διαλέκτου
368 4090 445 4153 οὖσα
459 4089 477 4168 ἡ
489 4087 581 4168 λέξις,
594 4090 770 4172 εὐεργεσίαν
784 4094 871 4168 δηλοῖ
879 4089 953 4170 πρὸς
965 4087 1132 4167 Ἑλληνίδα
1142 4092 1245 4169 μεθερ-

195 4173 380 4254 μηνευομένη
401 4173 566 4238 διάλεκτον.
597 4175 749 4257 εὐεργετεῖ
766 4173 799 4239 δέ
819 4199 873 4252 τις,
896 4173 915 4254 ἦ
935 4173 1072 4258 χρήματα
1095 4173 1245 4258 παρέχων,

196 4259 216 4340 ἢ
235 4261 337 4327 ἄλλως
361 4257 478 4339 θέλημα
498 4259 672 4339 οἱονδήποτε
694 4267 817 4343 πληρῶν
835 4285 926 4338 τινος,
951 4265 1043 4340 δῆλον
1065 4262 1097 4324 δὲ
1119 4261 1245 4334 πάντως,

198 4347 245 4410 δτι
270 4347 365 4412 οὐδεὶς
391 4350 522 4414 τοιοῦτος
548 4347 846 4428 δνοστρατειίσασθαι
873 4345 998 4426 ἐδυνήθη
1024 4346 1072 4422 δν,
1097 4349 1123 4410 εἰ
1147 4347 1187 4426 μη
1212 4351 1248 4424 τῇ

200 4431 300 4512 πλάνη
320 4428 474 4496 συνέθετο.
521 4431 626 4496 Verba
644 4431 772 4494 interim
789 4436 912 4512 δωρεαῖς
932 4434 980 4496 καί
998 4429 1196 4516 ὑποσχέσεσι,
1213 4439 1250 4494 ut

698 4536 753 4602 30
