3326 5200
264 397 315 462 IN
340 396 583 464 TERTULL.
609 398 673 464 DE
697 399 992 466 PRAESCRIPT.
1018 403 1145 468 ΗΕΒ.
1180 404 1245 471 207

197 567 299 646 fallor,
315 589 355 632 ex
370 567 577 654 scriptoribus
592 570 809 638 Antenieaenis
823 572 1010 638 memoravit
1021 572 1243 652 Tertullianus,

198 653 399 721 Christianus
413 656 524 720 mutim
538 656 606 721 fieri
617 656 718 740 judex
732 658 885 734 ethnious,
905 659 1082 744 quicunque
1097 659 1124 722 is
1137 660 1243 739 fuerit,

199 763 270 806 oum
296 741 442 806 omnibus
467 742 540 820 suis,
567 742 751 817 debuisset;
786 743 846 809 nisi
872 766 1023 829 opponas,
1048 745 1116 810 fieri
1141 767 1243 831 posse,

198 833 236 890 ut
263 827 402 912 apostoli
427 826 573 895 liberatio
597 830 706 914 praesti
730 829 765 904 ”u
791 830 923 917 magieis
948 831 990 895 ab
1016 830 1128 896 iisdem
1151 831 1245 897 attri-

198 911 358 978 bueretur.
404 913 585 994 Quinetiam
609 852 840 980 remediandum
865 916 956 980 nobis
978 924 1037 995 eet,
1057 917 1245 982 Judaeorum

199 1020 363 1148 primores,
381 999 414 1064 id
435 1000 520 1084 quod
542 1023 582 1066 ex
597 1000 690 1066 Artis
707 1001 934 1087 Apostolorum
956 1009 1092 1080 onustat,
1109 1004 1245 1068 eundem

224 1105 360 1150 oannem
382 1084 519 1150 oeeieum
540 1085 610 1162 isse,
634 1086 726 1150 simul
748 1109 786 1151 aa
807 1087 969 1152 novissent
988 1110 1061 1152 eum
1080 1111 1098 1152 e
1118 1110 1244 1154 oaroere

200 1169 350 1236 divinitus
364 1170 544 1235 liberatum.
589 1170 665 1235 Vid.
682 1175 752 1238 Aet.
767 1175 799 1236 Α
865 1221 872 1236 .
889 1196 958 1259 cap.
972 1174 1014 1237 V.
1033 1196 1144 1239 eomm.
1160 1194 1214 1260 33.

243 1255 281 1320 P.
304 1276 314 1318 ι
318 1275 373 1340 52.
395 1255 416 1318 l.
443 1275 471 1322 2.
499 1259 734 1342 oontesserarit]
801 1259 899 1324 abent
921 1259 1012 1324 editt.
1038 1259 1184 1324 Rhenani
1210 1266 1244 1325 et

200 1340 303 1406 Paris.
325 1340 430 1426 prima
446 1351 634 1408 mustum.
680 1343 828 1410 Pithoeus
852 1345 920 1410 nult
944 1345 1058 1431 legere,
1085 1353 1123 1411 ut
1144 1345 1244 1412 refert

200 1426 368 1502 seuuemo,
384 1437 607 1492 eruerentur.

243 1513 324 1578 Ibid.
345 1513 366 1576 l.
389 1515 420 1577 6.
447 1520 488 1578 et·
506 1514 579 1578 iude
603 1521 714 1598 portat
738 1515 848 1599 fidem]
871 1517 917 1580 Et
938 1516 1010 1581 iude
1033 1523 1127 1600 potat
1174 1517 1243 1582 dem

199 1597 309 1682 (Paris
336 1599 447 1681 undu.)
462 1598 600 1664 Franek.
614 1599 733 1686 Rigalt.
746 1602 835 1684 Oonj.
849 1600 1011 1665 Wouwer.
1038 1611 1066 1665 et
1091 1603 1104 1665 i
1185 1603 1242 1666 im-

196 1692 306 1768 portat
322 1685 428 1766 fidem.
476 1685 597 1762 Malim,
624 1686 758 1771 plantat.
792 1686 928 1751 Sauara.
972 1686 1132 1752 Editionis
1157 1688 1242 1774 prin-

195 1769 274 1854 oipis
289 1769 456 1836 leutionem
465 1780 571 1856 ponae
585 1771 740 1836 remeavi.

239 1855 320 1920 Ibid.
337 1856 358 1920 l.
376 1875 425 1918 11.
454 1855 518 1920 Sed
539 1879 602 1922 non
625 1879 733 1922 omues
757 1880 797 1921 ex
820 1857 890 1945 illa]
911 1857 964 1922 Sie
986 1858 1063 1922 edit.
1086 1858 1239 1944 princeps.

195 1940 271 2006 For.
295 1942 462 2028 legendum
487 1943 570 2007 foret
591 1944 710 2008 omnino
733 1965 792 2029 pro
814 1965 921 2021 omnes,
948 1944 1008 2007 nisi
1030 1951 1143 2009 auotor
1164 1944 1241 2008 illud

194 2027 384 2113 apeotaverit
400 2027 433 2092 S.
447 2027 585 2094 Joannis
604 2028 690 2114 1Ep.
706 2029 736 2094 ii.
752 2050 801 2112 19.
816 2031 959 2116 quonium
979 2051 1040 2092 sou
1057 2039 1126 2094 euru
1145 2051 1243 2094 ornnes

193 2135 235 2262 alpi
243 2113 336 2178 uobis.
382 2113 516 2179 Habent
531 2116 665 2199 suerunt
685 2137 745 2201 pro
758 2137 857 2180 urmes
870 2116 962 2180 editt.
979 2115 1080 2180 Paris.
1100 2114 1240 2180 Franek.

304 2221 325 2262 u
347 2220 395 2263 ue.

256 2207 353 2350 biiii.
368 2288 416 2348 16.
434 2284 489 2350 Ita
502 2292 536 2351 et
550 2285 686 2350 haereses
701 2286 741 2351 de
756 2293 867 2352 nostro
881 2286 1161 2363 fruetifieaverunt,
1177 2307 1242 2351 uon

195 2378 321 2447 nostre,
337 2371 509 2457 degeneres
524 2371 668 2436 veritatis
689 2394 800 2458 grano,
816 2380 850 2438 et
869 2373 1034 2437 mendesio
1055 2372 1237 2458 sylvestres]

196 2455 247 2521 sie
261 2455 354 2521 editt.
371 2463 448 2522 ante
463 2457 687 2542 Rigaltianam,
703 2458 763 2522 nisi
785 2460 871 2543 quod
893 2459 925 2522 in
946 2458 1023 2525 edit.
1038 2457 1143 2543 prima
1157 2457 1241 2522 Rhe·

194 2542 268 2606 nani
283 2539 437 2607 extiterat
451 2543 611 2607 moderatis
631 2565 690 2629 pro
704 2545 851 2622 nuruis,
868 2543 952 2629 quod
967 2551 1092 2610 mutare
1106 2543 1139 2607 iu
1150 2545 1241 2608 'voni

195 2628 267 2692 tutis
281 2625 407 2693 solebat
421 2627 445 2691 J
447 2628 558 2702 unius;
576 2628 633 2692 sed
643 2630 781 2694 ematis
792 2631 860 2715 jam
870 2651 906 2694 re
948 2636 1056 2695 suerat
1068 2629 1241 2695 Rhenanus

195 2714 228 2778 in
243 2713 320 2778 edit.
336 2735 395 2778 sua
408 2713 521 2780 ultima
535 2736 576 2779 ex
590 2715 698 2780 oodioe
712 2715 884 2794 derniensi,
919 2737 973 2780 um
984 2714 1241 2780 Paterniaoeusis

196 2799 336 2864 babebat
366 2800 535 2864 undamn.
579 2799 695 2866 Possut
720 2801 888 2886 nigrities,
914 2801 970 2866 Ito
998 2810 1028 2866 ot
1053 2801 1179 2866 hereses
1206 2801 1245 2866 de

197 2894 295 2950 noum
316 2884 431 2950 frutioe
451 2906 511 2950 non
530 2893 640 2950 nostro
661 2907 785 2972 genere,
801 2885 946 2951 veritatis
959 2907 1070 2972 g1ano,
1086 2885 1143 2950 sed
1164 2907 1245 2950 meru·

199 2969 288 3034 doeio
315 2971 477 3055 rybreurea
524 2971 595 3057 Ego
624 2993 696 3036 oum
726 2971 818 3056 Lupo
846 2979 880 3035 et
905 2971 1077 3036 Thomasio
1106 2979 1245 3035 veterem
1352 3031 1354 3036 .

200 3056 367 3122 leutionem
381 3057 533 3124 revocavi.
558 3057 650 3138 Quod
665 3063 699 3122 et
712 3057 822 3122 senisse
836 3077 919 3121 nuno
934 3056 1025 3121 video
1039 3055 1191 3120 abbatem
1206 3056 1246 3120 de

202 3141 328 3227 Gouroy
350 3143 384 3206 iu
405 3143 482 3207 edit.
505 3164 563 3208 sua
578 3142 744 3242 Apologiae
766 3150 800 3208 et
822 3142 1005 3227 Praesoript.
1029 3141 1154 3206 Haeret.
1169 3140 1246 3206 Ter-

202 3227 326 3292 tulliani
341 3249 425 3292 anno
439 3229 531 3312 1780.
548 3227 681 3294 Pansiis
695 3227 781 3314 typis
794 3228 958 3312 impressa.

248 3312 330 3378 Ibid.
357 3313 378 3377 1.
403 3331 454 3396 27.
478 3314 869 3400 quod--haeretioomm
898 3312 1024 3376 nomine
1052 3309 1245 3396 admittunt]

205 3397 287 3464 Hae
308 3408 357 3464 est
378 3399 472 3464 lentio
486 3399 785 3486 Ante-Rigaitiana,
801 3419 898 3484 quam
919 3421 991 3464 uum
1008 3398 1099 3483 Lupo
1114 3403 1148 3462 et
1163 3397 1247 3460 Tho-

205 3483 305 3550 masio
327 3491 361 3550 et
374 3485 493 3550 abbate
514 3485 554 3550 de
569 3487 705 3571 Gomon
723 3483 876 3552 revooavi.
919 3484 943 3548 J
945 3483 1010 3548 unii
1032 3483 1248 3567 conjecturam

204 3741 347 3808 homines
376 3763 417 3808 ex
445 3742 581 3808 arbitrio
613 3763 671 3808 suo
700 3743 853 3828 dogmata
888 3742 948 3806 sibi
980 3742 1142 3828 eligentes.
1186 3737 1250 3804 Est

204 3849 424 3980 ponpam?
448 3827 569 3894 Cbn'rto
590 3827 724 3896 babendo
748 3849 807 3912 pro
832 3849 880 3905 eo,
904 3828 989 3913 quod
1008 3833 1107 3904 esto
1131 3824 1250 3890 uuum

203 3934 286 4063 mi).
304 4019 373 4084 ¹53·
388 4000 408 4065 l.
425 4020 450 4062 1.
469 3999 547 4066 Mea
560 4007 610 4064 est
623 3999 792 4084 possessio]
812 3996 923 4062 Verba
943 3997 1022 4074 hmo,
1038 4017 1109 4081 quae
1131 3994 1250 4060 absunt

204 4086 246 4150 ab
266 4085 513 4236 ‘'diffudi‘'
530 4106 631 4170 neque
652 4085 745 4149 nimis
766 4083 945 4150 neeessauia
963 4089 1049 4160 sunt
1064 4078 1171 4146 omisit
1187 4079 1249 4144 Lu·

205 4193 273 4256 pus,
286 4193 328 4256 qu
386 4177 420 4236 et
434 4171 509 4235 olum
523 4171 642 4236 isserat
657 4169 837 4253 Quintinus,
852 4175 945 4246 teste,
960 4168 1017 4233 sed
1036 4188 1101 4231 non
1120 4187 1250 4232 eonsen-

204 4257 314 4334 tiente,
331 4256 484 4322 Pamelio.
529 4257 609 4320 Mox
630 4279 695 4322 una
713 4277 789 4323 rone
800 4253 1091 4339 fideimmmimut
1103 4251 1171 4318 vult
1193 4252 1250 4318 im·

203 4341 404 4428 primendum
417 4363 458 4408 ex
469 4342 621 4428 jureoose.
636 4364 697 4408 usu
710 4341 733 4408 J
735 4341 837 4420 unius,
852 4339 903 4406 oui
918 4337 1143 4425 obtemperavi.
