3310 5224
613 482 864 557 LECTORI.
1231 486 1275 555 in

277 679 346 764 De
372 679 497 780 libris,
530 683 645 766 unde
674 683 864 766 doctrino
895 680 1167 766 ecclesiastica
1198 708 1275 791 pe.

222 837 348 924 tatur,
367 838 545 921 tantmn.
603 827 808 910 Pietatem
836 829 881 910 in
906 826 1045 910 Deum
1070 839 1114 909 et
1137 825 1271 910 officia

222 972 555 1064 Christianorum
586 999 782 1082 agnosces
815 972 860 1054 in
894 973 939 1053 S.
965 969 1181 1081 Polycarpi
1213 972 1268 1054 ad

223 1115 510 1228 Philippenses
540 1116 739 1228 Epistola,
772 1128 903 1224 atque
936 1114 1188 1198 Tertulliani
1214 1116 1268 1199 de

224 1261 423 1344 Oratione
449 1259 579 1354 libro;
627 1261 780 1371 quibus
813 1271 897 1342 tres
927 1258 1071 1342 addidi
1097 1259 1138 1342 S.
1159 1258 1269 1370 Cyp

225 1406 330 1490 riani
348 1402 521 1503 libellos,
546 1431 652 1515 qnos
676 1405 729 1486 de
750 1402 1026 1502 Mortalitate,
1041 1431 1115 1486 seu
1134 1404 1271 1504 Peste,

225 1551 282 1634 de·
316 1550 453 1662 Opere
496 1561 540 1632 et
573 1548 873 1659 Eleemosynis,
911 1548 965 1632 de
1003 1547 1106 1632 Zelo
1144 1561 1271 1660 atque

226 1694 377 1778 Livore
395 1694 643 1806 composuit.

278 1839 415 1924 Venio
432 1839 487 1922 ad
504 1839 668 1948 scripta,
681 1866 779 1948 quae
795 1839 848 1920 ad
863 1838 1135 1948 quastionem
1155 1837 1271 1921 illam

226 1985 280 2069 de
297 1985 471 2094 antiqua
491 1983 672 2066 Romani
691 1980 878 2093 praesulis
897 1983 1144 2066 auctoritate
1160 2011 1276 2094 spec-

227 2140 335 2212 tant.
394 2128 536 2238 Hujus
567 2153 665 2209 vero
697 2125 859 2236 generis
892 2125 978 2208 duo
1006 2127 1178 2236 quidem
1206 2126 1277 2209 hic

228 2283 469 2381 comparent
515 2269 740 2382 opuscula;
804 2267 994 2380 Epistola
1043 2269 1275 2353 Firrniliani

229 2414 426 2498 Caesareae
454 2414 749 2526 Cappadocum
779 2413 971 2525 episcopi,
1002 2417 1122 2524 cujus
1149 2415 1278 2497 inter-

229 2587 323 2670 pres
350 2561 389 2642 S.
406 2559 639 2669 Cyprianus
666 2557 868 2652 hebetum
906 2559 980 2641 ubi
1007 2558 1162 2641 dicitur
1190 2560 1279 2642 Ste,

229 2703 394 2815 phanus
414 2703 643 2802 Romanus,
659 2703 828 2812 quando
853 2731 897 2786 se
922 2705 975 2786 ab
994 2703 1278 2788 Orientalibus

230 2849 452 2945 sciderita
477 2847 769 2930 communione
794 2847 1076 2930 ecclesiasticae
1104 2848 1279 2932 unitatis

231 3019 316 3074 non
331 2990 435 3090 illos,
451 2992 525 3074 sed
539 2990 719 3101 seipsum
734 2991 912 3074 scidisse.
937 2991 1075 3074 'Hanc
1088 2992 1278 3100 sequitur

232 3133 447 3243 epistolam
467 3134 710 3246 Capitulum
729 3135 967 3216 Secundum
987 3133 1105 3215 Libri
1124 3133 1278 3216 Diurni

233 3277 486 3362 Pontificum
515 3279 814 3377 Romanorum,
846 3278 890 3362 in
923 3306 1008 3388 quo
1042 3278 1280 3361 Honorium

232 3424 346 3507 urbis
378 3425 526 3506 Romae
555 3424 807 3534 episcopum,
839 3451 864 3504 a
893 3421 1076 3532 generali
1106 3422 1280 3506 concilio

233 3579 331 3649 ante
354 3568 612 3666 damnatum,
630 3594 879 3652 successores
902 3568 992 3678 ejus
1014 3565 1280 3650 anathemate

234 3710 480 3793 nominatim
500 3712 670 3793 feriunt.

300 3855 425 3945 Quod
466 3853 592 3938 libros
636 3856 736 3938 istos
780 3853 855 3936 tali
903 3854 1050 3937 ordine
1101 3881 1284 3937 comme-

234 3999 402 4097 moravi,
420 3998 501 4083 hoc
529 4029 578 4083 eo
604 4001 850 4109 spectabam,
869 4011 919 4082 ut
938 3999 981 4080 in
1008 3997 1118 4081 locos
1142 3998 1283 4081 distri-

234 4147 487 4240 buerentur3
517 4157 661 4228 contra
679 4173 777 4228 vero
796 4145 840 4227 in
864 4144 952 4255 ipso
972 4143 1183 4227 volumine
1209 4169 1282 4227 au-

235 4299 369 4372 ctores
398 4287 551 4399 singuli
584 4315 660 4371 suo
691 4288 869 4399 quisque
902 4288 1100 4398 temporis
1134 4285 1281 4369 ordine

746 4433 771 4504 b
