3316 5198
384 474 448 538 182
737 471 1082 538 TERTULLIANI

383 647 445 718 ubi
471 648 592 719 audita
616 655 680 730 est
704 647 876 718 haetenus
899 647 1040 718 institit.
1091 645 1197 716 Adeo
1218 645 1298 715 finis
1320 654 1430 716 estet

311 763 317 776 ’
384 764 571 855 querendi,
588 771 626 834 et
647 763 820 857 pulsandi,
837 770 876 833 et
897 763 1052 855 petendi.
1102 759 1242 832 Petenti
1261 761 1352 831 enim
1369 760 1431 832 da-

383 877 485 962 bitur,
515 879 697 971 inquitet
721 877 879 974 palranti
905 878 1089 972 operietur,
1120 884 1153 948 el
1180 877 1349 971 querenti
1375 879 1429 947 in-

382 996 544 1077 venietur,
596 994 740 1068 Viderit
765 997 825 1088 qui
852 997 976 1087 quaerit
1001 1016 1149 1086 semper,
1175 995 1259 1085 quia
1282 1015 1354 1064 non
1377 996 1430 1063 in-

383 1112 481 1181 venit
507 1109 599 1207 (sor.
629 1112 796 1193 inveniet,
821 1109 976 1203 Aaou„
1002 1108 1075 1180 illio
1098 1109 1194 1178 euim
1217 1109 1341 1200 quaerit
1366 1109 1454 1192 ubis

381 1248 454 1296 non
486 1227 696 1298 invenietur.
747 1225 890 1299 Viderit
921 1226 982 1317 qui
1016 1246 1156 1318 semper
1188 1223 1315 1317 pulset,
1346 1227 1429 1317 quie

380 1363 574 1435 numquam
603 1344 801 1436 aperietur;
840 1342 914 1413 illio
944 1343 1039 1412 enim
1068 1341 1196 1434 pulsat,
1227 1341 1289 1412 ubi
1322 1365 1428 1412 nemo

380 1466 446 1530 est.
499 1459 641 1530 Viderit
666 1459 727 1550 qui
752 1480 891 1553 semper
914 1460 1016 1552 petit,
1042 1458 1126 1550 quia
1147 1479 1341 1549 numquam
1365 1481 1428 1531 au·

380 1572 519 1658 dietur3
545 1573 590 1646 ab
607 1597 650 1644 eo
668 1574 764 1644 enim
780 1573 882 1666 petit,
900 1573 1049 1666 quinon
1061 1575 1177 1644 audit.

252 1691 337 1742 ΜΡ·
432 1689 548 1761 Nobis
577 1691 644 1760 etsi
673 1690 901 1782 quaerendum
931 1697 1025 1761 esset
1057 1689 1174 1761 adhue
1206 1699 1245 1761 et
1278 1713 1426 1786 semper,
1440 1715 1475 1756 ιο

261 1757 325 1808 m
379 1805 440 1876 ubi
458 1813 589 1890 temen,
606 1806 715 1898 quaeri
736 1815 886 1899 oportet.
928 1805 1039 1900 Apud
1062 1805 1256 1890 haeretioos,
1272 1809 1336 1880 ubi
1353 1831 1428 1880 om-

215 1935 344 1991 nemne.
378 1922 439 1992 nia
462 1931 633 1994 extranea
656 1931 696 1992 et
719 1923 917 1993 adversaria
941 1931 1070 1993 nostrae
1095 1924 1247 2007 veritati,
1270 1926 1316 1995 ad
1339 1949 1427 2017 quos

212 2003 363 2145 llgvsslff
379 2046 541 2109 vetamur
557 2038 748 2110 accedere?
779 2037 869 2122 Quis
893 2059 1013 2109 servus
1030 2037 1161 2109 cibaria
1182 2039 1229 2110 ab
1246 2049 1426 2126 extraneo,

212 2145 312 2196 Μ·
377 2176 424 2224 ne
440 2154 556 2225 dicem
572 2154 618 2225 ab
640 2155 784 2224 inimioo
808 2155 941 2224 domini
965 2156 1019 2224 sui
1041 2156 1182 2247 sperat?
1213 2155 1302 2238 Quis
1324 2156 1426 2226 miles

375 2270 422 2341 ab
439 2271 665 2353 infoederatis,
683 2292 729 2340 ne
752 2271 869 2340 dioem
891 2270 937 2341 ob
958 2269 1120 2341 hostibus
1144 2272 1295 2365 regibus,
1318 2273 1425 2343 dona-
1439 2293 1471 2352 ¹5

375 2387 490 2456 tivum
515 2395 554 2456 et
579 2387 795 2477 stipendium
821 2394 962 2479 captat;
988 2385 1055 2456 nisi
1079 2385 1185 2478 plene
1207 2389 1365 2458 desertor
1387 2397 1425 2459 et

211 2511 325 2564 nuaxv.
376 2501 567 2595 tmnslirge,
584 2510 622 2572 et
644 2501 809 2572 rebellis?
836 2500 956 2572 Etiam
979 2522 1067 2571 enus
1089 2500 1152 2571 ille
1172 2503 1266 2573 intra
1286 2513 1423 2574 tentum

212 2627 318 2680 mezi.
375 2637 479 2687 suum
504 2617 707 2688 drachmam
730 2619 950 2709 requirebat:
976 2617 1086 2688 etiam
1110 2617 1269 2711 pulsator
1289 2619 1350 2690 ille
1373 2623 1424 2691 vi·

210 2749 351 2803 memo.
375 2733 446 2802 oini
464 2735 612 2825 januam
638 2734 831 2804 tundebat:
858 2735 968 2804 etiam
993 2734 1100 2803 vidue
1124 2732 1186 2802 illa
1210 2755 1282 2804 non
1308 2736 1424 2806 inimi-

375 2869 467 2931 eum,
502 2849 586 2920 lieet
620 2850 748 2920 durum
779 2851 939 2943 judioem
976 2848 1235 2942 interpellabat.
1302 2850 1421 2922 Nemo
1434 2873 1471 2914 20

374 2963 457 3034 inde
488 2966 576 3035 strui
610 2974 729 3059 potest
762 2967 857 3036 unde
892 2966 1094 3036 destruitur.
1147 2965 1266 3036 Nemo
1299 2966 1345 3036 ab
1379 2989 1422 3036 eo

373 3079 603 3164 illuminatur,
629 3105 651 3152 a
675 3104 746 3174 quo
771 3083 1054 3153 contenebretur.
1106 3081 1313 3166 Quaeramus
1338 3107 1422 3177 ergo

373 3195 410 3264 in
435 3205 565 3280 nostro,
587 3205 668 3269 eta
696 3200 899 3281 nostriset
928 3198 974 3268 de
1003 3206 1145 3282 nostro;
1183 3198 1291 3290 idque
1320 3199 1423 3270 dum-

373 3318 484 3395 taxat,
505 3313 600 3405 quod
625 3313 723 3385 solva
742 3314 866 3408 regule
887 3313 970 3384 fidei
996 3323 1114 3406 potest
1137 3313 1175 3383 in
1191 3314 1421 3406 quaestionem

373 3427 548 3500 devenire.
1432 3449 1467 3512 ας

246 3565 331 3616 car.
424 3543 564 3639 Regula
583 3555 638 3617 est
664 3554 786 3616 autem
808 3545 900 3628 fidei,
922 3553 964 3615 ut
986 3546 1064 3638 jam
1085 3545 1169 3616 hino
1189 3546 1275 3637 quid
1301 3546 1422 3618 defen·

208 3629 328 3744 nfflll
374 3661 498 3731 damus
515 3661 751 3754 profiteamur,
768 3661 831 3732 illa
851 3661 986 3732 soilioet
1002 3684 1073 3754 qus
1089 3662 1265 3746 ereditur3
1296 3661 1420 3734 Unum

208 3760 310 3874 {⁵313}
312 3825 353 3875 ,ἢ
373 3778 517 3848 omnino
535 3777 654 3892 {lpum
675 3799 761 3861 esse,
782 3801 850 3848 nee
871 3776 981 3847 alium
1001 3787 1134 3870 praeter
1154 3779 1279 3848 mundi
1300 3780 1422 3850 eondi-

207 3891 309 4004 ffli·
373 3901 498 3977 torem,
524 3895 585 3986 qui
610 3895 773 3964 universa
796 3893 843 3964 de
868 3893 979 3964 nihilo
1004 3895 1212 3987 produxerit
1239 3917 1302 3987 per
1328 3894 1421 3968 Ver-

209 4021 357 4138 gipsi&
373 4009 459 4080 bum
488 4031 592 4081 suum
621 4008 735 4103 primo
765 4010 924 4080 omnium
954 4011 1142 4082 emissum:
1184 4011 1221 4080 id
1256 4010 1418 4082 Verbum
1429 4037 1468 4097 30

208 4153 281 4204 me„
293 4157 310 4204 1,
374 4123 504 4195 Filium
526 4126 601 4217 ejus
623 4125 850 4220 appellatum,
868 4127 905 4198 in
926 4129 1069 4198 nomine
1092 4126 1161 4197 Dei
1183 4129 1279 4198 varie
1305 4129 1419 4198 visum

208 4218 329 4335 llll·
372 4262 395 4309 ³
418 4241 634 4333 patriarchis,
655 4243 693 4310 in
717 4243 897 4337 propheti·
923 4265 1062 4337 semper
1086 4245 1258 4328 auditum,
1284 4251 1419 4337 postre-

207 4347 292 4466 Μπζζξῐ
373 4377 434 4425 mo
455 4354 614 4426 deletum
634 4377 681 4426 ex
702 4356 837 4449 Spiritu
859 4358 975 4430 Petris
997 4358 1065 4430 Dei
1083 4369 1122 4430 et
1144 4361 1276 4431 virtute
1297 4360 1334 4429 in
1351 4360 1420 4429 vir-
