3294 5192
383 438 448 502 388
799 433 1018 499 CANONES

385 607 529 714 ριστίαν
546 607 746 708 ἀναγκαίως
765 611 823 686 καὶ
841 605 887 687 τὰ
904 602 1124 710 γεγειαγμένα
1141 602 1234 684 κατὰ
1250 601 1317 704 τὴν
1330 605 1444 707 ἁγίαν

387 734 541 816 σύνοδον
558 731 649 836 πρὸς
666 730 732 833 τὴν
750 731 822 832 σὴν
841 729 1027 826 εὐσέβειαν
1044 729 1280 838 ἀναφέρομεν·
1306 732 1366 810 καὶ
1384 729 1444 810 ὅτι

387 859 623 943 συνελθόντες
655 865 705 943 εἰς
740 857 807 958 miv
844 857 1231 938 Κωνσταντινοόπολιυ
1269 855 1361 937 κατὰ
1395 853 1443 936 τό

389 987 541 1093 γράμμα
569 989 632 1085 τῆς
662 990 732 1085 σῆς
761 986 953 1082 εὐσεβείας,
982 990 1126 1088 πρῶτον
1149 981 1215 1082 μὲν
1237 979 1441 1063 ἀνενεωσό-

335 1119 337 1124 ’
390 1120 482 1216 μεθα
509 1112 575 1212 τὴν
601 1112 693 1216 πρὸς
720 1110 906 1213 όλλήλους
938 1109 1117 1211 ὁμόνοιαν·
1158 1111 1279 1191 ἔπειτα
1311 1109 1349 1188 δὲ
1383 1113 1476 1190 nais

390 1241 591 1341 συντόμους
617 1239 721 1343 ὅρους
737 1235 1027 1346 ἐξεφωνῆσαμεν,
1045 1238 1111 1338 τήν
1129 1273 1167 1317 τε
1189 1244 1262 1318 τῶν
1279 1238 1446 1339 πατέρων

392 1369 519 1449 πίστιν
554 1373 628 1446 τῶν
659 1368 697 1445 ἐν
736 1365 869 1471 Νικαίρ
900 1366 1136 1470 κυρώσαντες,
1168 1368 1228 1445 καὶ
1263 1362 1328 1448 τὰς
1366 1365 1443 1445 κατ’
1521 1397 1523 1404 ’

394 1496 504 1593 αι’πῆς
532 1494 722 1599 ε’κφυείσας
745 1492 897 1595 αἱρέσεις
922 1495 1258 1594 ἀναθεματίσαντες.
1287 1489 1379 1596 πρὸς
1405 1490 1447 1571 δὲ

397 1621 545 1718 τούτοις,
574 1621 633 1698 καὶ
663 1617 751 1720 ὑπὲρ
777 1622 841 1718 τῆς
865 1619 1028 1726 εὐταξίας
1055 1626 1128 1700 τῶν
1149 1621 1352 1718 ἐκκλησιῶν
1375 1621 1440 1722 ρη-

393 1745 476 1832 τσὺς
494 1746 644 1830 κανόνας
661 1747 853 1850 ὠρίσαμεν·
883 1743 974 1851 ἅπερ
992 1745 1135 1827 ἅπαντα
1158 1749 1248 1854 τῷδε
1272 1746 1373 1845 ἡμῶν
1393 1749 1446 1852 τῷ
1458 1769 1496 1810 10

394 1875 578 1982 γράμματι
597 1872 832 1981 ὑπετάξαμεν.
864 1875 1013 1974 δεόμεθα
1030 1875 1149 1955 τοίνυν
1166 1877 1231 1973 τῆς
1248 1878 1319 1972 σῆς
1337 1873 1442 1952 εὐσε-

394 2005 495 2100 βείας
530 2006 787 2106 ἐπικυρωθῆναι
819 2007 883 2102 τῆς
921 2001 1076 2083 συνόδου
1115 1999 1182 2102 τὴν
1218 2005 1363 2108 ψῆφον·
1402 2002 1442 2080 ἵν’

397 2129 521 2234 ὥσπερ
549 2136 623 2213 ταῖς
650 2134 714 2229 τῆς
741 2127 907 2228 κλήσεως
934 2126 1126 2232 γράμμασι
1152 2127 1219 2228 τὴν
1250 2129 1446 2228 ἐκκλησίαν

395 2257 592 2357 τετίμηκας,
612 2257 705 2338 σι”πω
724 2258 782 2335 καὶ
807 2261 879 2335 τῶν
903 2253 1087 2362 δοξάντων
1111 2256 1382 2362 ἐπισφραγισῃς
1402 2253 1445 2336 τό

396 2383 512 2466 τέλος.
544 2384 564 2461 ὃ
591 2380 630 2463 δὲ
659 2383 791 2487 Κύριος
817 2381 973 2488 στηρίξῃ
1000 2416 1072 2461 σου
1098 2379 1165 2480 τὴν
1193 2383 1387 2477 βασιλείαν
1408 2383 1490 2473 ε’νις

398 2508 517 2614 εἰρήνῃ
544 2513 603 2589 καὶ
631 2509 849 2614 δικαιοσύνῃ,
877 2511 935 2588 καὶ
960 2509 1189 2614 παραπέμψῃ
1217 2516 1353 2610 γενεαῖς
1380 2541 1441 2610 γε·

397 2643 495 2732 νεῶν,
514 2639 572 2715 καὶ
589 2636 765 2741 προσθείῃ
783 2641 835 2741 τῷ
858 2635 1000 2742 ἐπιγείιρ
1025 2633 1144 2738 κράτει
1162 2638 1221 2715 καὶ
1244 2639 1309 2734 τῆς
1330 2642 1441 2730 βασι-

397 2764 495 2849 λείας
537 2767 601 2862 τῆς
636 2764 844 2867 ἑπουρανίου
885 2759 951 2861 τὴν
994 2761 1211 2842 ἀπόλαυσιν.
1251 2761 1447 2866 ε’ρῤωμένον

400 3059 464 3107 aeto
478 3059 547 3107 sunt
561 3047 591 3106 in
605 3059 705 3106 ssuoto
719 3045 851 3114 concilio,
866 3045 903 3105 sd
944 3057 990 3106 tos
1018 3065 1142 3106 canones
1171 3047 1342 3106 statuimus:
1382 3065 1446 3124 qun

401 3138 482 3186 tunm
497 3129 650 3187 referimus
662 3129 810 3207 pietatem,
822 3147 903 3187 nem·
943 3128 1041 3186 omnin
1054 3127 1123 3184 huic
1138 3128 1359 3206 nostronoripto
1378 3127 1446 3185 sub-

451 3206 530 3286 quod
544 3227 581 3266 ex
596 3228 654 3285 quo
668 3221 799 3289 tempore
816 3209 903 3286 juxto
941 3208 1074 3284 jecimus.
1102 3206 1250 3287 Rogamus
1261 3209 1351 3286 igitur
1366 3219 1446 3266 tunm

415 3288 514 3347 'iterus
536 3299 594 3346 tuoe
619 3289 736 3367 pietatis
758 3290 902 3348 Constan-
944 3287 1137 3353 clementium,
1148 3299 1182 3346 ut
1191 3308 1243 3368 per
1253 3288 1366 3348 litteras
1374 3307 1445 3365 quo·

402 3368 524 3448 tinopoli
554 3371 749 3438 convenimus,
777 3370 902 3449 primum
944 3389 1001 3445 que
1015 3380 1075 3427 tuae
1091 3367 1208 3446 pietatis
1226 3380 1322 3427 ratum
1342 3369 1446 3427 habos·

402 3449 518 3524 quidem
534 3460 665 3508 mutuom
680 3449 757 3509 inter
771 3471 823 3508 nos
835 3470 903 3508 con.
944 3461 993 3507 tur
1013 3447 1127 3507 concilii
1146 3448 1315 3508 decretum:
1339 3462 1373 3509 ut
1393 3449 1446 3507 sic·

402 3528 529 3586 cordiam
552 3531 769 3590 renovavimus:
799 3529 904 3589 deinde
945 3531 988 3588 uti
1011 3527 1126 3593 litteris.
1140 3531 1247 3608 quibus
1268 3551 1321 3589 uos
1341 3548 1446 3588 convo·

402 3629 470 3667 vero
492 3610 592 3668 breves
617 3610 703 3669 etism
730 3611 905 3690 pronuncia·
946 3610 1028 3677 casti,
1051 3607 1200 3668 ecclesiam
1219 3611 1329 3670 honore
1349 3629 1446 3689 prose·

403 3688 499 3746 vimus
523 3687 718 3758 definitiones,
746 3691 852 3768 quibus
875 3702 906 3749 et
945 3701 1032 3750 cutus
1046 3709 1097 3760 σε,
1122 3692 1164 3750 its
1184 3691 1270 3750 etium
1291 3692 1377 3750 finem
1398 3709 1448 3748 eo-

403 3780 529 3848 pstrum,
544 3769 595 3846 qui
612 3769 720 3830 Νίσαια
738 3771 903 3850 congregati
946 3791 1009 3828 rum
1031 3790 1096 3848 quoe
1118 3772 1234 3831 decreto
1255 3783 1333 3840 sunt,
1353 3770 1447 3848 obsig-

402 3851 534 3920 fueruut,
553 3849 639 3909 fidem
654 3851 886 3910 confirmavimus
895 3875 904 3921 ;
946 3870 1008 3911 nes.
1029 3851 1175 3912 Dominus
1185 3863 1283 3911 autem
1294 3850 1448 3932 imperium

404 3940 444 4000 et,
467 3949 531 4008 quae
555 3931 692 3990 adversus
713 3952 775 3990 eam
796 3932 904 3990 obortu
946 3940 1031 3989 tuum
1046 3931 1076 3990 in
1091 3953 1162 4014 pace
1176 3943 1207 3992 et
1226 3932 1344 4009 justitia
1360 3930 1449 3990 stubi-

404 4022 481 4077 suut.
497 4031 644 4089 perversas
657 4012 780 4076 hoereses
793 4033 826 4072 sc
841 4033 905 4092 pru.
946 4011 1008 4082 liat,
1039 4025 1069 4071 et
1103 4013 1243 4094 producat
1278 4013 1309 4070 in
1342 4011 1449 4070 multos

403 4109 453 4148 vas
466 4091 617 4170 opiniones
632 4101 762 4152 extrema
776 4113 841 4152 cum
853 4113 905 4151 ex.
947 4102 1047 4151 oetates
1071 4105 1101 4154 et
1125 4093 1336 4174 generationes,
1362 4102 1449 4170 utque

403 4171 563 4230 sectatione
588 4193 621 4231 sc
644 4172 904 4234 detestationem.
946 4172 983 4231 sd
993 4184 1141 4234 terrenum
1156 4173 1312 4254 imperium
1325 4171 1450 4234 coslostis

404 4250 597 4328 probavimus.
614 4251 760 4313 Praeteres
771 4255 857 4314 etiam
868 4254 905 4314 ud
945 4272 1062 4331 quoque
1076 4255 1158 4332 regui
1176 4255 1305 4316 fmctum
1323 4253 1448 4333 adjiciat.

402 4328 585 4408 disciplinam
618 4333 813 4400 eeclesiarum.
843 4355 904 4394 cer·
946 4333 1134 4394 Granficetur
1156 4335 1239 4396 Deus
1269 4335 1331 4395 orbi
1359 4347 1451 4394 tem·
