3310 5224
424 459 468 526 62
786 461 820 525 S.
839 457 1112 526 H1PPOLYuu

423 632 565 738 ἔχοντες
581 630 646 713 τὸν
665 630 741 712 υἱῦν
758 634 940 736 ἤρνηνται.
986 637 1033 714 Εἰ
1051 633 1167 714 δὲκαὶ
1185 635 1369 717 Φίλιππον
1387 638 1469 718 ε’πε·

422 765 542 866 ροκτᾷν
562 761 633 857 (for.
652 761 900 867 ἐπερωτῶιπα)
920 763 1002 864 περὶ
1020 758 1177 865 Πυτρῦς,
1195 761 1388 857 βούλοιντο
1406 765 1470 844 λέ-

422 920 512 990 γειν,
536 887 669 994 Δεῖξον
693 889 777 989 ἡμῖν
804 887 869 968 τὸν
891 889 1049 992 Πατέρα,
1067 892 1126 970 καὶ
1144 891 1245 993 ἀρκεῖ
1260 889 1355 990 ἡμῖν.
1382 889 1474 994 πρὸς

423 1012 467 1094 ῦν
493 1016 668 1119 ἀπεκρίθη
700 1017 720 1095 ὁ
756 1012 898 1118 Κύριος,
931 1013 1064 1117 λέγων·
1122 1019 1311 1095 Τοσοῦτον
1342 1014 1474 1120 χρόνον
1629 937 1632 1142 i

422 1141 500 1242 μέθ
527 1145 626 1242 ῦμιῦν
653 1148 733 1242 εἶμι,
763 1143 934 1241 Φίλιππε,
963 1144 1022 1222 καὶ
1049 1144 1113 1223 οῦκ
1141 1141 1296 1244 ἔγνωκάς
1323 1176 1391 1244 με;
1423 1146 1500 1230 ‘05

432 1270 441 1297 ε
546 1268 731 1300 tutet
865 1269 876 1296 u

422 1304 585 1373 εωρακωι
604 1305 664 1369 εμε
687 1304 818 1374 εωριικε
840 1304 905 1351 τον
929 1270 1088 1374 Πατέρα.
1138 1270 1197 1350 Οῦ
1222 1270 1400 1354 πιστεύεις
1418 1271 1473 1352 ὅτι
1627 1282 1633 1486 1

423 1396 494 1498 ἐγὼ
522 1399 560 1476 έν
581 1401 634 1504 τῷ
657 1399 786 1501 Πατρὶ,
805 1401 865 1477 καὶ
888 1399 908 1476 ὁ
932 1395 1062 1501 Πατὴρ
1085 1399 1123 1477 ἐν
1146 1399 1228 1496 ἐμοί
1251 1400 1376 1494 doum
1415 1402 1473 1478 καὶ

423 1526 579 1606 θέλουσι
606 1523 736 1625 λέγειν,
765 1523 824 1604 διὰ
852 1523 980 1605 τούτου
1012 1523 1250 1628 κρατύνεσθαι
1281 1522 1324 1606 τῦ
1356 1523 1474 1628 δόγμα

422 1654 550 1751 αὐτῶν,
569 1654 833 1753 ὁμολογοῦντος
855 1653 963 1731 αῦτοῦ
987 1650 1113 1732 ἑαυτὸν
1138 1650 1297 1756 Πατέρα.
1327 1652 1471 1754 γνώτω-

421 1813 496 1860 σαν
512 1779 568 1861 ὅτι
584 1778 759 1880 μέγιστον
777 1780 913 1862 ἑαυτοῖς
932 1780 1131 1878 ἐναντίωμα
1152 1780 1394 1886 ἐπιφέρουσιν,
1413 1781 1470 1860 ὑπ’
1485 1817 1522 1858 ιο

422 1911 532 1989 αὐτοῦ
559 1914 623 1986 τοῦ
651 1908 761 2010 ῥητοῦ
794 1902 1033 2010 ἐλεγχόμενοι.
1094 1911 1171 1987 Τοῦ
1203 1905 1277 2011 γὰρ
1308 1911 1473 2010 Χριστοῦ

422 2034 548 2115 ἑαυτὸν
579 2037 617 2114 ἐν
645 2041 760 2115 πᾶσιν
791 2031 866 2113 υἱὸν
904 2032 1064 2118 εἰπόντος
1094 2037 1152 2113 καὶ
1184 2035 1375 2142 δείξαντος,
1408 2036 1471 2114 οῦκ

422 2160 642 2263 ἐπέγνωσαν,
661 2161 741 2241 οῦδὲ
759 2159 1033 2256 καταλαβεῦτθαι
1050 2159 1073 2260 ἣ
1092 2162 1255 2241 ἀτενίσαι
1272 2159 1338 2260 τὴν
1360 2160 1468 2242 δυ’να·

421 2324 484 2388 μιν
502 2287 736 2389 ἐδυνήθησαν.
797 2290 871 2367 Καὶ
888 2296 995 2368 τοῦτο
1012 2285 1063 2389 μὴ
1087 2287 1260 2393 χωρῆσαι·
1278 2294 1472 2388 Φιλιππου,

421 2418 499 2496 καθ
521 2413 540 2495 d
564 2414 609 2516 ἧν
631 2418 727 2513 ἰδεῖν,
745 2411 809 2494 τὸν
832 2414 980 2519 Πατέρα
1002 2415 1105 2522 ἠξίου
1127 2417 1288 2512 βλέπειν·
1319 2416 1411 2521 πρὸς
1431 2415 1494 2500 ῦνι
1504 2459 1522 2520 ⁵
1633 2467 1634 2482 ι

421 2542 595 2648 ὃΚῦριος
614 2542 696 2649 ἔφη·
737 2542 910 2639 Φίλιππε,
927 2549 1103 2622 τοσοῦτον
1128 2540 1259 2648 χρόνον
1277 2545 1354 2643 μεθ’
1375 2547 1474 2644 ῦμῶν
1633 2524 1634 2582 3

421 2677 501 2769 εἰμι,
520 2673 578 2750 καὶ
610 2671 673 2749 οῦκ
704 2667 860 2771 ἔγνωκάς
881 2702 952 2768 μκ;
983 2670 1032 2749 Ὁ
1057 2670 1220 2774 ἑωρακὼς
1245 2669 1315 2771 ε’μέ,
1341 2671 1472 2776 ἑώρακε

421 2794 485 2875 τὸν
504 2797 662 2899 Πατερα.
703 2795 912 2891 Τουτέστιν,
931 2800 961 2876 εἰ
978 2793 1040 2896 ε’μέ
1057 2796 1224 2900 ἑώρακας,
1243 2799 1285 2877 δι’
1306 2800 1392 2896 ἐμοῦ
1407 2796 1473 2878 τὸν
1634 2809 1635 2818 ’

420 3063 561 3142 quivero
585 3083 645 3121 uon
669 3063 786 3130 hubent,
814 3060 924 3120 Filium
966 3063 1045 3141 ipsos
1068 3063 1216 3134 inducere,
1243 3065 1396 3144 Scriptura
1422 3085 1472 3124 eos

420 3156 610 3223 negaverunt.
654 3143 687 3202 si
710 3155 808 3202 nutem
832 3141 925 3202 velint
965 3143 1160 3222 redarguente
1200 3156 1230 3203 et
1268 3146 1470 3204 convincente.

419 3225 525 3294 dicere,
535 3223 614 3303 quod
627 3221 825 3303 Philippusde
836 3224 924 3283 Patre
967 3223 1042 3281 Cum
1065 3225 1143 3283 enim
1165 3225 1301 3284 Christus
1325 3226 1356 3283 in
1376 3227 1471 3285 omui·

418 3306 617 3384 interrogans:
641 3304 800 3373 *Ostende
817 3303 924 3382 inquit,
965 3304 1020 3362 bus
1041 3325 1072 3364 se
1094 3304 1203 3363 Filium
1226 3305 1348 3365 dixisset
1368 3318 1398 3366 et
1419 3306 1472 3366 de·

419 3385 499 3445 nobis
513 3387 633 3444 Patrem
648 3393 674 3444 et
695 3384 799 3462 sufficit
821 3384 922 3442 nobie:
965 3397 1164 3456 monstrasset,
1178 3407 1237 3444 non
1253 3397 1351 3444 tumen
1364 3407 1472 3465 cogno.

418 3467 465 3525 cui
486 3465 638 3544 respondit
660 3465 806 3523 Dominus
826 3464 924 3543 inqui·
965 3476 1067 3523 verant
1099 3485 1176 3532 eum,
1204 3486 1300 3544 neque
1331 3468 1471 3527 virtutem

418 3567 488 3606 ens:
516 3545 611 3605 Tanto
636 3554 759 3624 tempore
782 3544 923 3603 uobiscum
965 3546 1029 3624 ejus
1042 3545 1216 3622 intelligere,
1232 3557 1284 3605 aut
1294 3547 1403 3606 intueri
1419 3569 1472 3626 po.

416 3647 489 3694 sum,
502 3627 650 3705 Philippo,
667 3634 692 3683 ct
703 3647 757 3684 non
769 3625 924 3704 cognovisti
965 3635 1092 3684 tuerent.
1117 3626 1159 3684 Et
1171 3627 1225 3685 hoc
1237 3625 1394 3706 Philippus
1405 3647 1471 3686 cum

416 3711 486 3767 me?
501 3706 559 3773 Qui
572 3706 645 3765 vidie
658 3725 711 3777 me,
730 3705 802 3763 vidie
819 3715 845 3764 et
861 3706 923 3764 Po·
966 3725 1068 3784 capere
1078 3726 1137 3764 uon
1147 3718 1255 3786 posset,
1265 3708 1361 3784 quood
1372 3708 1472 3766 videre

416 3796 497 3848 trem.
514 3787 582 3846 Non
593 3786 853 3887 credisquiuegoin
864 3787 922 3843 Ρο-
965 3786 1080 3852 licebat.
1097 3787 1212 3846 volebat
1227 3788 1326 3846 videre
1342 3789 1470 3848 Patrem.

416 3867 760 3940 tre,etPalerinmeest?
773 3866 924 3925 intvolunt
965 3867 1022 3926 Cui
1044 3867 1189 3926 Dominus
1207 3868 1299 3927 dixit:
1324 3868 1471 3947 ΡΙιίἱὶρρι,

416 3948 512 4009 dicere
536 3947 617 4026 quod
637 3947 682 4006 his
706 3947 801 4006 verbis
822 3967 923 4006 eorum
965 3956 1044 4007 tanto
1058 3956 1182 4027 tempore
1195 3948 1336 4008 vobiscum
1355 3970 1428 4019 sum,
1445 3959 1471 4008 et

416 4027 521 4107 dogma
543 4028 742 4097 confirmatur,
766 4027 829 4107 ipso
852 4047 921 4086 con·
965 4049 1020 4086 non
1029 4028 1184 4108 cognovisti
1200 4031 1264 4088 me?
1277 4030 1327 4109 qni
1337 4029 1408 4088 uidit
1419 4051 1470 4098 mc,

417 4107 518 4167 titente
536 4127 567 4167 se
586 4127 648 4168 esso
671 4109 807 4180 Petrem3
831 4107 923 4166 sciunt
964 4108 1035 4167 vidit
1048 4109 1176 4167 Patrem.
1206 4109 1311 4177 idest,
1327 4110 1351 4168 si
1367 4129 1413 4168 me
1428 4111 1470 4167 vi·

415 4188 572 4246 maximnm
593 4189 815 4268 repugnantiam
837 4189 869 4247 in
892 4207 923 4248 sc
964 4188 1044 4258 disti,
1056 4209 1109 4269 per
1119 4209 1166 4248 me
1177 4200 1261 4270 potes
1272 4190 1391 4250 Patrem
1402 4211 1471 4268 cog.

857 4383 937 4434 woh.
949 4385 999 4433 xiv.
1012 4383 1036 4431 8.
