3326 5200
422 493 488 557 208
760 486 1139 553 ANNOTATIONES

467 662 508 726 P.
525 681 594 746 153.
610 662 632 725 l.
650 675 701 746 15.
717 660 890 725 neeeseites
911 658 1045 809 institipp
1072 659 1145 723 Hoe
1168 681 1208 723 ex
1226 657 1372 723 Rheneni
1395 659 1472 724 edit.

424 748 538 814 ultima
559 747 663 832 recepi
685 753 719 811 et
735 746 838 810 Paris.
856 747 968 831 prima.
1045 745 1156 810 xhibet
1170 745 1312 829 ejusdem
1326 745 1472 809 Rheneni

425 834 524 900 editio
545 834 691 918 prinoeps
720 831 862 909 instituit,
887 853 982 916 quam
1007 831 1135 916 quidem
1159 831 1327 895 lectionem
1356 829 1473 894 Junius

424 919 567 1006 praetulit
581 919 625 982 illi
640 918 815 983 editionum
829 917 1049 1002 posteriorum,
1065 939 1111 981 eos
1124 917 1280 981 moesus
1295 917 1394 999 eoepit.

469 1006 551 1070 lbid.
563 1005 585 1068 l.
603 1025 652 1088 ¹9·
669 1005 716 1069 ita
731 1011 763 1068 et
775 1003 880 1088 nobis]
896 1003 1054 1068 Additum
1068 1009 1118 1067 est
1132 1010 1207 1088 post
1221 1002 1289 1066 haeo
1301 1025 1322 1066 a
1332 1001 1472 1088 Rigaltio

425 1102 453 1157 et
474 1115 495 1156 a
516 1090 608 1168 eote,
624 1090 709 1175 quod
732 1111 803 1153 oum
827 1089 917 1174 Lupo
943 1095 1040 1174 etque
1064 1088 1236 1152 Thomasio
1259 1088 1359 1166 omisi,
1376 1089 1472 1152 unde

426 1177 834 1346 oupgpdellmppdlpgptpppib
854 1261 914 1324 sori
938 1269 1020 1325 turae
1034 1261 1103 1345 jam
1125 1260 1198 1324 inde
1217 1260 1260 1324 ab
1283 1259 1375 1324 initio
1396 1263 1471 1340 suo]

427 1347 533 1412 Veees
539 1348 611 1432 jam
625 1347 696 1410 tede
710 1347 818 1410 addidi
834 1368 874 1410 ex
925 1347 1001 1410 rsini
1021 1347 1128 1410 eodioe
1142 1347 1228 1430 apud
1245 1344 1471 1418 Wouwerium‚

428 1455 508 1518 ques
530 1434 658 1518 quidem
677 1432 818 1518 neglexit
833 1431 1001 1518 Rigaltius.
1049 1431 1182 1496 Habent
1197 1453 1305 1497 vooem
1320 1431 1401 1508 iude,
1416 1431 1473 1496 sed

427 1525 502 1584 ante
530 1520 693 1604 scripture
721 1517 869 1604 positam,
900 1519 970 1582 edd.
998 1517 1143 1582 Rhenani
1173 1525 1207 1584 et
1234 1517 1334 1582 Paris.
1359 1516 1471 1602 prima.

427 1607 508 1670 Oum
533 1605 646 1668 eberat
667 1610 775 1669 eutem
796 1626 858 1667 vox
880 1612 1017 1688 utraque
1038 1605 1080 1667 ab
1102 1603 1194 1668 editt.
1210 1604 1314 1668 Paris.
1334 1602 1418 1668 2nda
1439 1609 1473 1668 et

428 1690 567 1754 Franelr.
598 1691 687 1775 eujus
723 1697 773 1754 est
809 1696 918 1754 textus
955 1689 1097 1768 Pamelii,
1134 1689 1302 1776 legendum
1338 1688 1473 1774 eonjeoit

426 1777 450 1841 J
453 1776 553 1854 unius,
569 1776 650 1840 uode
663 1777 828 1861 seriptum
841 1773 880 1840 ad
895 1776 984 1839 initio
997 1797 1060 1839 auo.

473 1861 554 1926 lbid.
575 1862 596 1927 l.
616 1864 668 1926 26.
693 1883 733 1926 ex
756 1860 816 1926 illis
843 1883 960 1938 sumus,
984 1868 1157 1946 antequam
1182 1861 1259 1925 nihil
1282 1860 1377 1924 aliter
1401 1860 1472 1937 fuit,

428 1970 525 2033 quam
539 1969 658 2013 sumus.
702 1947 785 2029 Quid
800 1947 934 2032 denique
949 1947 1021 2023 luit,
1036 1955 1208 2032 antequam
1223 1970 1243 2012 a
1264 1946 1356 2010 nobis
1378 1946 1474 2011 inter-

427 2034 627 2120 polarentur]
645 2032 698 2097 Sio
712 2033 805 2097 editt.
820 2040 896 2097 ante
912 2032 1095 2132 Rigaltium
1112 2033 1172 2096 nisi
1190 2033 1276 2117 quod
1290 2032 1474 2118 praepositio

428 2141 449 2182 α
470 2127 547 2185 ante
568 2119 651 2184 eodm
672 2119 705 2182 in
728 2119 799 2182 edd.
816 2118 960 2183 Rheuam
981 2126 1015 2182 et
1030 2119 1132 2183 Poris.
1150 2119 1253 2204 prima
1274 2120 1373 2182 deest.
1420 2117 1475 2181 Ad

427 2227 528 2354 mprlg.
544 2206 602 2354 edd
612 2205 797 2354 sunemtlzrtiae
813 2204 985 2354 ltlpelnanRip
1000 2205 1200 2355 protvooibuls
1219 2213 1382 2354 amweii
1395 2203 1477 2351 ”iia

427 2312 656 2448 dilillgehliadilm
662 2311 796 2439 maleine
809 2313 968 2462 lliglltius
978 2311 1297 2441 pddlerderriranuddllds’
1306 2311 1475 2440 lietiiied

429 2468 565 2538 secutus,
581 2483 652 2546 quae
668 2483 707 2524 ex
721 2461 911 2545 repetitione
925 2461 1012 2526 verbi
1048 2463 1094 2526 uit
1108 2470 1182 2526 orta
1196 2469 1254 2538 est,
1271 2462 1331 2525 hoe
1346 2469 1474 2526 tentum

428 2547 535 2624 habet,
551 2548 604 2611 Ee·
617 2547 682 2611 tue
693 2566 804 2625 emam,
820 2556 981 2632 antequam
1028 2548 1171 2631 itersuit,
1183 2557 1344 2632 msam
1358 2569 1380 2612 o
1395 2545 1475 2611 eolis

428 2632 692 2718 impedirentur.

474 2718 512 2782 P.
529 2738 539 2779 1
546 2736 599 2804 54.
614 2718 635 2782 l.
650 2737 676 2781 1.
692 2723 726 2782 et
739 2715 832 2817 primi
846 2725 932 2783 etex
946 2717 1039 2805 ipsis]
1052 2717 1147 2783 Hane
1162 2717 1309 2783 editionis
1324 2716 1474 2804 prineipis

429 2804 606 2882 leotionem‚
623 2811 656 2868 et
670 2802 694 2866 J
696 2824 769 2866 umo
791 2804 970 2888 probatam
986 2805 1112 2954 praetuli
1134 2805 1178 2869 illi
1200 2804 1374 2868 editionum
1390 2802 1473 2867 Rhe-

428 2890 598 2955 nanianam
620 2897 654 2954 et
669 2889 771 2952 Paris.
792 2889 927 2974 primam
948 2911 985 2954 su
1007 2890 1214 2974 sequentium,
1230 2913 1252 2954 a
1264 2890 1425 2975 principio
1446 2898 1474 2952 et

421 2977 534 3061 prieti.
578 2976 680 3041 Paulo
702 2981 777 3038 ente
799 2975 969 3061 seripserat
991 2986 1112 3055 sueton,
1135 2998 1172 3040 ou
1191 2976 1256 3040 illis
1278 2975 1471 3061 (seripturis)

427 3083 539 3126 mmm.

473 3146 555 3210 lbid.
570 3145 591 3210 l.
613 3165 661 3227 ¹4·
685 3145 766 3210 Haee
792 3151 867 3210 sunt
892 3144 925 3208 in
947 3147 1032 3232 onia]
1060 3146 1114 3212 Ita
1142 3147 1232 3213 editt.
1256 3147 1474 3232 Rigeltianem

428 3234 652 3318 praeeedentes,
676 3231 710 3295 in
738 3232 792 3296 illa
817 3231 901 3295 enim
923 3167 1054 3318 digami
1078 3241 1170 3297 extat
1192 3234 1296 3297 Erunt
1349 3253 1386 3296 ro
1410 3233 1474 3296 loeo

426 3328 505 3382 euml.
550 3317 697 3418 alteram
712 3339 786 3382 vero
807 3317 975 3382 leotionem
996 3340 1068 3382 oum
1085 3319 1175 3404 Lupo
1190 3327 1287 3404 atque
1302 3255 1473 3383 Tlomasio

428 3426 580 3468 revooovr.

474 3490 556 3554 lbid.
571 3490 591 3554 l.
609 3507 659 3554 21.
678 3510 740 3573 quo
758 3489 824 3574 jus]
854 3488 907 3553 Sie
928 3489 1021 3554 editt.
1042 3490 1198 3555 Rhenani.
1245 3489 1378 3554 Habent
1398 3489 1471 3554 edd.

430 3575 533 3640 Paris.
552 3576 636 3639 ands
654 3581 688 3640 et
704 3574 842 3638 Franek.
858 3575 914 3651 vis,
930 3596 988 3660 pro
1003 3576 1130 3661 quujus.
1153 3576 1177 3640 J
1179 3576 1271 3640 unius
1284 3577 1352 3641 vult
1366 3576 1471 3676 legere

431 3661 537 3740 Quiete
702 3661 735 3738 u,
752 3660 837 3746 quod
857 3660 983 3745 quidem
1003 3663 1072 3747 jem
1094 3670 1280 3748 reposuerat
1300 3662 1471 3744 Quintrnus

428 3746 461 3810 in
476 3747 551 3811 edit.
568 3769 626 3810 sua
662 3749 735 3830 ujus
748 3752 908 3810 treotatus
922 3768 1006 3810 enno
1026 3750 1104 3831 1561
1122 3749 1207 3834 typis
1230 3748 1392 3820 mandata,
1409 3748 1471 3812 Pa·

427 3833 521 3896 melio
536 3839 619 3897 teste
634 3833 667 3894 in
681 3831 777 3895 notis.
800 3832 860 3896 Ait
874 3853 950 3896 vero
960 3832 1161 3898 Wouwerius
1176 3833 1315 3898 oodieem
1333 3833 1405 3898 Ms.
1416 3833 1473 3897 har

428 3918 502 3982 bere
517 3919 630 4004 quovis,
642 3939 738 4002 seque
752 3917 984 3982 emendandum
998 3939 1135 3998 sensere,
1147 3941 1209 4005 quo
1223 3919 1323 3992 eidem
1341 3921 1427 4004 quod
1438 3927 1473 3984 et

427 4004 460 4067 in
475 4005 526 4068 ed.
544 4004 646 4068 Paris.
667 4024 737 4067 rma
757 4003 901 4069 extitisse
923 4026 1006 4068 nuno
1020 4005 1121 4070 video.
1167 4005 1278 4069 Edidit
1300 4005 1385 4070 eides
1405 4005 1473 4070 sine

427 4112 488 4175 quo
503 4090 669 4190 Rigaltius.
717 4089 798 4154 Mihi
814 4089 941 4175 quidem
952 4090 1087 4168 videtur,
1100 4113 1172 4155 eum
1187 4091 1286 4155 faoilis
1301 4091 1344 4156 sit
1358 4091 1472 4155 hurum

427 4198 539 4240 vooum
554 4184 637 4240 mter
651 4198 685 4240 se
701 4176 846 4254 mutatio,
863 4197 937 4239 nam
953 4177 985 4240 in
1000 4198 1069 4262 eap.
1087 4196 1114 4244 2.
1131 4177 1202 4241 libri
1217 4178 1266 4240 De
1286 4177 1473 4262 Speotowlis

427 4261 511 4324 nidos
524 4283 584 4348 pro
599 4263 645 4326 eis
663 4269 750 4326 reete
772 4261 945 4346 repositum
967 4269 1026 4335 eet,
1043 4263 1208 4349 legendum
1225 4285 1294 4327 esse
1308 4285 1365 4348 quo
1379 4263 1471 4340 eides,

427 4352 464 4410 ut
479 4353 684 4412 construatur
697 4347 863 4411 relativum
878 4369 935 4432 quo
950 4370 1020 4412 eum
1035 4371 1111 4413 vooe
1125 4348 1301 4434 coemptum.
1327 4349 1474 4433 Antiqua

427 4453 549 4511 manus,
565 4454 622 4496 neo
637 4433 728 4510 male,
742 4433 848 4517 judiee
863 4433 989 4517 quidem
1004 4434 1155 4515 Semlero‚
1171 4434 1341 4518 adscripsit
1355 4433 1450 4518 eujus.
