3326 5200
297 467 347 530 IN
365 465 607 532 TERTULL.
625 468 689 532 DE
706 467 997 532 PRAESCRIPT.
1017 468 1142 531 ΗΕΒ.
1183 469 1247 537 193
1386 553 1392 568 .

243 636 280 699 P.
291 639 360 702 128.
373 639 393 704 1.
403 639 451 704 18.
463 641 505 704 ed
516 638 685 709 ineundam
695 639 998 704 curiositatem-ad
1008 639 1245 725 importandam

199 722 439 810 curiositatem]
474 727 585 792 Habet
609 731 722 789 auctor
747 724 830 788 infra
852 725 885 788 in
906 747 975 810 cap.
998 744 1045 788 ια.
1072 726 1247 810 qeoeetierrer

198 809 289 872 inire.
335 811 385 875 Ac
399 811 500 876 simile
514 818 564 876 est
578 811 656 874 iliud
669 831 951 896 supa-quereum
964 832 1056 896 opera
1074 819 1144 875 aare
1156 811 1246 876 edel-

198 904 271 958 tere
289 896 445 976 doctrinm,
460 897 587 961 dereses
603 895 694 964 Me
715 898 826 962 Greoo
848 919 923 976 occe,
944 919 980 962 ee
1001 897 1247 982 interpretatione

200 980 369 1060 electionis,
385 1004 447 1068 qao
461 985 530 1069 qtae
542 984 604 1046 eice
618 983 663 1048 ed
676 982 886 1061 instituendae,
900 985 964 1050 rice
977 982 1022 1047 ed
1031 983 1246 1068 suscipiendas

199 1087 258 1142 eos,
274 1068 383 1132 utitor.
398 1091 430 1154 p.
447 1088 516 1136 122.
532 1069 614 1134 1.20.
654 1069 756 1132 Porro
770 1069 838 1133 sine
852 1090 956 1150 cause,
972 1069 1094 1156 opinor,
1110 1069 1247 1134 mutavit

200 1154 408 1236 posteriorem
422 1177 529 1220 vocem
543 1155 747 1218 curiositatem
761 1155 793 1219 in
807 1157 1066 1241 mrepelositotem
1077 1155 1245 1242 Rigaltius.

200 1238 389 1305 Adnotante
422 1242 465 1306 ad
501 1240 576 1306 edit.
604 1240 778 1304 Haiensem
815 1240 965 1320 Semlero,
995 1241 1095 1306 videri
1131 1263 1247 1306 noman

201 1345 316 1388 novum
330 1325 478 1404 abfuisse,
494 1327 698 1391 cre-imitatem
710 1327 864 1392 revocavi.

244 1410 325 1476 Ibid.
335 1413 356 1476 l.
372 1429 423 1497 25.
441 1413 618 1477 cnmetiam
628 1411 652 1475 J
654 1433 774 1478 oannes
784 1414 824 1478 de
836 1412 889 1478 illo
898 1422 1004 1479 certus
1015 1437 1084 1478 esse
1095 1413 1245 1497 desisset]

202 1495 461 1585 Interpungendo
475 1505 549 1585 post
563 1519 671 1563 vocem
685 1509 791 1575 ceum,
803 1500 961 1564 diversum
976 1499 1104 1564 omnino
1119 1520 1246 1564 sensum

200 1583 284 1646 eruit
299 1583 338 1648 Iti
393 1585 476 1657 tius;
501 1585 557 1649 sed
572 1585 693 1658 dubito,
709 1607 751 1648 an
765 1607 883 1650 verum.

244 1667 325 1733 Ibid.
354 1721 361 1734 .
372 1690 425 1754 30.
446 1669 576 1747 Habent,
599 1671 712 1754 inquit,
735 1671 861 1754 Moysen
882 1680 910 1735 et
930 1668 1072 1755 Heliam]
1097 1671 1161 1734 Hie
1184 1691 1248 1734 me-

200 1755 301 1820 moria
327 1755 437 1820 fefellit
459 1764 632 1822 auctorem.
665 1755 800 1820 Semnan.
831 1755 953 1820 Habeat
973 1757 1101 1840 Moysen
1124 1766 1152 1821 et
1176 1778 1249 1842 pro·

200 1839 323 1924 phetes,
341 1843 374 1906 S.
385 1843 487 1907 ercee
503 1843 564 1906 xvi.
582 1861 633 1926 29.

244 1927 282 1990 P.
301 1947 368 2028 139.
384 1927 404 1992 l.
417 1931 446 1992 8.
469 1928 622 2028 pulsabit]
651 1927 792 1993 Mutavit
814 1927 973 2028 Rigaltius
994 1928 1027 1991 in
1042 1928 1192 2014 pulsarit,
1212 1935 1249 2028 et

200 2013 1251 2185 {stertissetttrntttffltffltffitnidthtz

199 2183 366 2250 lectionem
380 2185 534 2250 revocavi.
582 2187 663 2248 Mox
682 2195 715 2249 at
735 2207 794 2271 pro
813 2207 856 2250 ee
875 2208 947 2250 curn
967 2187 1135 2251 verborum
1154 2207 1250 2249 sensu

200 2271 281 2334 bene
296 2271 488 2336 conveniret.

244 2356 325 2419 lbid.
342 2355 361 2419 l.
377 2377 425 2436 24
448 2357 493 2422 Et
508 2357 568 2421 hoc
588 2379 665 2442 erga
684 2355 754 2421 illos
773 2356 866 2442 facit]
894 2356 1005 2420 Edidit
1020 2357 1188 2442 Rigaltius,
1204 2357 1251 2420 Er

199 2443 252 2507 boe
271 2463 339 2527 erpo
359 2441 412 2507 iiio
425 2443 521 2527 fecit.
565 2444 615 2507 At
633 2463 717 2520 vero,
733 2449 771 2507 ut
791 2443 839 2507 ait
861 2442 1030 2520 Semlerus,
1051 2443 1251 2510 scribendum

200 2551 268 2592 esse
283 2550 356 2613 erpo
370 2550 429 2614 pro
444 2551 521 2614 erqo,
537 2528 614 2593 edit.
631 2528 781 2614 principis
795 2529 940 2606 lectione,
955 2529 1036 2593 bene
1057 2529 1193 2614 conjecit
1207 2528 1251 2592 ibi

200 2613 381 2693 Rhenanus,
404 2637 541 2764 namtppe
563 2621 676 2699 postea
697 2621 798 2688 extat,
814 2613 942 2679 carebat
960 2636 1037 2702 erga
1057 2636 1118 2680 nor.
1165 2614 1252 2679 Prae·

202 2707 290 2764 stant
304 2721 377 2784 erpa
399 2701 476 2766 odit.
523 2699 639 2765 hanani
654 2700 775 2779 ultima,
793 2701 897 2765 Paris.
913 2709 1049 2786 utraque
1064 2709 1098 2766 et
1113 2701 1252 2765 Franek.

202 2786 296 2870 idque
311 2793 387 2850 ante
406 2809 458 2850 me
478 2792 668 2851 revocarunt
684 2785 793 2872 Lupus
811 2795 845 2852 et
862 2787 1031 2850 cardinalis
1050 2786 1251 2854 Thomasius.

203 2871 368 2956 deponere
379 2872 447 2938 vult
457 2872 658 2954 Juniusfeeit
667 2874 823 2957 profecit,
835 2893 948 2956 nempe
956 2872 1041 2955 quod
1052 2872 1251 2956 promiserat,

203 2966 241 3023 ut
254 2964 405 3022 rrarratur
418 2957 495 3024 Act.
510 2958 532 3022 i.
548 2964 582 3022 et
597 2957 627 3020 ii.
665 2957 825 3022 Craterum
843 2957 895 3020 hic
913 2957 1067 3034 conferas,
1084 2980 1154 3044 quae
1169 2957 1252 3021 inira

204 3065 242 3108 oa
264 3042 309 3108 ite
326 3045 377 3108 28.
393 3052 506 3108 auctor
519 3042 692 3127 scripserit.

279 3176 287 3191 .
305 3148 375 3213 130.
390 3129 412 3194 l.
425 3148 454 3194 a.
470 3137 579 3194 tamen
594 3135 628 3192 et
642 3127 693 3192 hie
708 3126 830 3212 expetit
845 3149 964 3205 sensus,
981 3135 1105 3193 certare
1120 3149 1193 3192 cum
1207 3128 1252 3192 in-

205 3215 445 3300 terpretationis
455 3213 669 3301 gubernaculo
717 3213 769 3276 Sic
784 3213 861 3277 edit.
877 3213 1043 3299 princeps;
1068 3214 1124 3278 sed
1206 3215 1255 3278 dit

204 3323 265 3386 pro
279 3301 376 3366 verbo
390 3302 501 3386 ecpeit
515 3300 635 3366 habent
689 3349 696 3364 .
709 3299 823 3364 ultima
837 3299 983 3364 Rhenani
998 3308 1032 3365 et
1046 3300 1149 3385 prima
1192 3299 1254 3365 ari-

207 3386 329 3452 siensis.
375 3387 539 3452 Praestent
567 3385 723 3450 aditiones
751 3384 853 3450 Paris.
883 3386 1022 3450 secunda
1050 3393 1084 3450 et
1115 3386 1253 3451 Franck.

206 3472 405 3538 tamenetdie
415 3473 737 3559 eepotitmereertoe
747 3470 1004 3557 interpretationis
1010 3471 1255 3557 poemenem,

207 3566 242 3623 at
255 3567 482 3625 revocaverunt
496 3559 578 3623 hane
592 3556 759 3622 lectionem
776 3557 884 3644 Lupus
898 3565 933 3622 et
943 3557 1140 3624 Thomasius.
1172 3559 1255 3624 Nam

208 3644 353 3709 ediderat
368 3644 536 3730 Rigaltius,
552 3643 704 3708 afferente
719 3641 796 3708 iilud
811 3667 829 3708 e
843 3644 943 3709 veteri
957 3665 1015 3708 suo
1029 3645 1137 3710 codiee
1153 3645 1255 3710 Wou·

209 3729 312 3806 werio,
329 3740 429 3796 temere
442 3740 471 3795 et
483 3730 533 3794 iic
650 3730 657 3744 '
686 3749 774 3794 unse
788 3739 903 3795 certare
917 3751 986 3794 eam
999 3731 1258 3817 interpretationis

205 3814 417 3900 primicerio.
463 3817 551 3882 Proet
584 3814 661 3879 erim
691 3835 751 3900 ego
781 3815 948 3880 lectionem
978 3817 1202 3902 Bigaitianam,
1229 3818 1255 3881 si

209 3901 305 3966 modo
319 3902 387 3966 vooi
401 3923 488 3966 serere
506 3900 663 3988 particula
681 3901 720 3965 de
736 3909 950 3986 praeponatur.
996 3903 1051 3967 Ad
1069 3925 1170 3980 voces,
1190 3925 1257 3968 cem

210 3989 468 4074 interpretationis
486 3986 688 4089 pedemonte
709 3987 794 4072 quod
816 3987 944 4065 attinet,
960 3989 1070 4053 scribit
1089 3997 1203 4054 auctor
1223 3990 1257 4053 in

210 4073 263 4138 lib.
279 4096 336 4138 suo
350 4073 388 4138 de
402 4073 569 4138 Pudicitia
583 4095 652 4158 cap.
664 4094 696 4154 9.
725 4072 806 4136 Ptee
819 4082 861 4138 ert
875 4073 972 4158 ἐρίων
984 4075 1013 4137 si
1026 4097 1079 4138 rrae
1093 4077 1213 4162 repectit
1224 4077 1258 4139 irr

213 4159 421 4224 Oirietierrem
435 4161 591 4226 mernere
604 4158 742 4223 ordinem
751 4159 821 4241 filii
833 4158 970 4244 prodici.
1012 4161 1139 4239 Quodsi
1157 4163 1259 4226 necin

210 4245 359 4310 Judaeum
372 4247 486 4330 integere
496 4245 565 4328 filii
584 4245 683 4330 imeqo
696 4246 857 4322 coeemrit,
873 4244 918 4308 od
928 4247 1117 4332 proposituri
1133 4249 1261 4312 Domini

209 4332 392 4494 pifflicdee
416 4330 640 4496 inffitotoip
663 4330 908 4480 ssubessi‘bstif·
940 4333 1067 4486 ἕοφιί
1076 4335 1260 4485 ιηοκαιίξιῖῳ

233 4439 254 4482 a
322 4439 411 4494 -Μ,
509 4466 512 4474 .
657 4437 747 4480 recen
790 4439 825 4482 re.
847 4439 912 4482 eree
963 4441 1019 4484 seer
1066 4441 1108 4482 eo
1133 4443 1152 4482 r
1185 4441 1263 4484 rcere

713 4525 760 4566 cc
1015 4441 1041 4504 p
