3326 5200
465 435 754 504 HAERETICOS
779 437 1026 504 LIBELLUS.
1210 435 1274 502 163

227 624 266 687 et
282 611 478 686 homonum
495 615 703 709 sungtrinem
724 611 882 684 fundere.
933 611 1116 684 Christum
1141 621 1273 696 cutem,

225 756 299 804 non
315 734 361 804 ab
378 732 456 816 hoo,
474 734 535 824 qui
553 732 677 806 feccrit
692 731 876 814 mundum,
894 731 956 802 sed
978 729 1024 800 eb
1046 729 1109 800 illo
1126 729 1275 801 Abruxa

227 852 374 922 missum
408 848 545 921 venisse
576 851 615 920 in
651 849 924 943 phuntcsmetct
967 847 1043 917 sine
1076 846 1274 918 substantia

226 969 340 1038 cernis
370 966 496 1038 fuisse:
523 967 618 1038 hunc
640 987 781 1060 possum
807 963 984 1036 oJudeis
1008 987 1080 1035 non
1105 986 1191 1047 eme,
1209 963 1272 1038 sed

200 1086 305 1164 svice
317 1085 426 1177 ipsius
439 1083 622 1155 Simonem
633 1083 841 1154 cmcifixnm
852 1102 942 1166 esse3
955 1080 1051 1152 unde
1062 1103 1127 1152 nec
1140 1083 1178 1152 in
1188 1103 1272 1152 eum

226 1202 442 1272 credendum
459 1223 545 1284 esse,
559 1199 618 1294 qui
632 1200 678 1270 sit
695 1198 892 1282 crucifixus,
903 1219 950 1271 ne
966 1199 1044 1290 quis
1061 1199 1272 1270 confiteatur

225 1313 320 1413 (sor.
341 1317 561 1411 conficietur)
578 1317 616 1387 in
640 1315 822 1388 Simonem
846 1315 1044 1388 credidisse.
1097 1315 1272 1410 Martyria

226 1441 334 1527 negot
359 1453 435 1505 esse
459 1433 639 1504 faciendo:
666 1434 779 1504 cernis
801 1433 1093 1506 resurrectionem
1117 1435 1271 1528 graviter

227 1551 421 1644 impugnet,
439 1571 571 1643 neguns
587 1547 740 1621 sulutem
756 1551 960 1644 corporibus
975 1551 1232 1644 repromissum.

182 1687 217 1727 ιο
277 1664 385 1737 Alter
400 1666 588 1738 haeretious
606 1665 778 1738 Nicolous
793 1668 959 1751 emersit;
983 1665 1042 1739 hic
1063 1667 1109 1738 de
1133 1675 1270 1761 septem
1287 1684 1423 1768 cunin·

225 1781 391 1866 (liaconis,
407 1783 468 1876 qui
486 1783 523 1852 in
540 1781 646 1854 Actis
662 1781 918 1876 Apostolorum
935 1781 1053 1855 ellecti
1072 1793 1165 1868 sunt,
1182 1785 1251 1856 fuit
1261 1757 1336 1855 :¹²⁰²
1348 1773 1379 1804 '¹'
1394 1772 1416 1818 ⁵·

225 1897 284 1970 hic
306 1899 393 1973 dicit
409 1900 573 1972 tenebras
598 1899 635 1970 in
660 1900 946 1993 concupiscentia
970 1899 1123 1984 luminis,
1140 1910 1179 1972 et
1195 1901 1272 1994 qui-

226 2015 308 2086 dem
333 2016 428 2087 foedc
452 2025 490 2088 et
516 2015 690 2100 obscoene,
715 2017 845 2088 fnisse:
872 2037 918 2088 ex
943 2015 1011 2088 heo
1034 2018 1272 2110 permixtione

226 2133 356 2226 (pudor
379 2143 435 2204 est
455 2133 573 2206 dicere
598 2155 676 2227 que
702 2133 825 2205 foetide
850 2141 888 2206 et
904 2133 1108 2218 immundo;
1134 2145 1272 2208 suntet

180 2257 357 2327 tscaetere
385 2249 574 2334 obscoeno3
610 2273 733 2322 omnes
756 2247 850 2348 (for.
882 2253 1002 2344 omne)
1033 2250 1129 2322 enirn
1162 2252 1271 2324 refert

224 2365 394 2458 quosdam
418 2365 647 2461 turpitudinis
673 2375 785 2450 notos
807 2363 901 2463 (sor.
925 2367 1094 2460 quosdam
1119 2369 1273 2462 turpitu-

225 2483 317 2554 dinis
341 2491 444 2555 notus
467 2481 626 2579 Semlcr.)
652 2493 690 2556 et
713 2484 930 2577 complexus,
954 2491 992 2555 et
1016 2483 1271 2577 permixtiones

224 2599 450 2683 execrabiles,
468 2601 719 2694 obscoenssque
743 2603 959 2695 conjunctas,
976 2609 1015 2672 et
1035 2602 1199 2693 quaedem
1225 2623 1271 2672 ex

224 2715 307 2810 ipsis
336 2713 453 2786 adhuc
481 2718 653 2812 turpiora)
682 2725 785 2790 notos
817 2725 987 2811 pretereo
1019 2717 1206 2800 demones,
1233 2725 1272 2787 et

178 2855 216 2893 20
226 2832 320 2915 deos,
337 2840 377 2904 et
388 2833 533 2926 spiritus
549 2841 697 2929 septem,
714 2843 753 2906 et
769 2834 839 2906 ulie
854 2834 940 2906 setis
956 2832 1126 2928 sacrilege
1141 2835 1272 2928 pariter

225 2956 263 3019 et
279 2948 382 3031 foeda,
396 2971 474 3041 que
490 2949 621 3021 referre
637 2950 886 3034 erubescimus,
900 2958 938 3021 et
948 2950 1024 3040 jem
1041 2950 1270 3043 preterimus.

226 3063 321 3136 Satis
346 3073 400 3136 est
416 3066 528 3150 nobis,
545 3067 640 3159 qnod
662 3073 776 3136 totam
799 3068 904 3137 istum
928 3065 1088 3137 heresim
1113 3064 1272 3136 Nicolai-

225 3189 341 3251 terum
371 3180 604 3276 Apocalypsis
639 3181 784 3253 Domini
813 3184 1019 3278 gravissimu
1046 3181 1107 3272 (oo
1140 3183 1272 3278 gravis-

224 3295 363 3390 simael)
407 3300 594 3370 sentcntiae
628 3299 841 3370 auctoritate
875 3297 1065 3382 damnavit,
1100 3297 1269 3369 dicendo:

178 3439 212 3496 25
226 3412 318 3503 Quia
342 3412 405 3487 loc
430 3423 530 3500 tenes,
548 3413 654 3487 odisti
676 3413 868 3488 doctrinam
885 3413 1150 3500 Nicolaitorunu
1168 3439 1354 3511 quomupoc.
1367 3441 1423 3491 uo.

224 3539 255 3601 et
279 3553 340 3628 epo
364 3529 434 3603 odi.
485 3530 724 3604 Accesseumt
741 3532 797 3603 his
821 3530 980 3604 haeretici
1004 3533 1112 3602 ctiam
1129 3529 1192 3615 illi,
1210 3532 1270 3622 qui

224 3647 367 3741 Ophites
383 3657 653 3743 nuncupentur;
670 3671 753 3722 num
771 3657 971 3742 serpentem
988 3648 1216 3743 magnificent
1234 3649 1270 3718 in

224 3772 375 3849 tentum,
393 3773 434 3837 ut
452 3763 554 3837 illum
571 3767 680 3837 etiem
698 3766 764 3860 ipsi
781 3765 923 3838 Christo
939 3767 1135 3857 preferant.
1188 3763 1270 3858 Ipse

223 3881 328 3965 enim,
346 3883 521 3974 inquiunt,
538 3883 694 3955 scientie
712 3883 813 3954 nobis
834 3882 918 3954 boni
941 3891 980 3953 et
997 3879 1081 3953 meli
1098 3881 1270 3975 originem

177 4019 215 4076 3⁰
225 3999 343 4082 dedit;
360 3999 465 4092 hujus
479 4001 763 4073 animadvertens
778 4002 975 4095 potentiam
993 4008 1030 4072 et
1046 4000 1270 4092 majestatem

225 4115 379 4208 Moyses,
398 4117 572 4209 inquiunt,
592 4139 724 4188 aerenm
750 4118 868 4210 posuit
893 4125 1113 4210 serpentem:
1140 4124 1178 4186 et
1194 4117 1272 4208 qui-

224 4253 375 4326 cumque
392 4234 509 4325 ipsum
525 4241 749 4327 aspexerunt,
767 4235 955 4304 sanitatem
978 4234 1158 4304 consecuti
1175 4241 1269 4304 sunt.

224 4348 315 4443 Ipse,
350 4350 451 4422 siunt
484 4357 662 4443 preterea,
698 4348 860 4421 Christus
900 4349 938 4420 in
980 4347 1163 4444 evangelio
1205 4371 1270 4419 suo

716 4471 782 4537 rt
