3316 5198
386 470 451 534 DE
476 463 877 534 PRAESCRIPTIONE
902 467 1030 532 ΗΕΒ.
1170 463 1235 530 153

186 645 318 716 limites
342 640 441 716 meos
467 643 693 717 commoves?
721 643 810 714 Mea
834 652 889 715 est
905 642 1087 736 possessio.
1139 639 1235 724 Quid

186 761 246 832 hic
263 761 372 832 ceteri
389 763 436 833 ad
452 761 676 832 voluntatem
697 768 850 831 vestram
874 759 1054 830 seminatis
1071 765 1109 827 et
1125 757 1237 850 pasci-

187 878 258 948 tis?
277 876 366 948 Mea
380 885 436 948 est
445 879 636 971 possessio:
655 875 740 947 olim
752 877 934 970 possideo:
952 875 1048 968 prior
1062 873 1236 966 possideo,

187 992 302 1064 habeo
330 993 483 1087 origines
509 993 627 1064 firmas
654 992 700 1062 ab
734 994 817 1085 ipsis
845 992 1058 1074 auctoribus,
1086 1013 1237 1083 quorum

162 1109 334 1192 sinitres.
360 1109 439 1203 Ego
453 1131 532 1179 sum
545 1108 658 1180 haeres
675 1108 926 1201 apostolorum.
952 1107 1055 1179 Sicut
1068 1115 1239 1178 caverunt

189 1233 405 1295 testamento
422 1247 496 1307 suo,
514 1225 607 1294 sicut
623 1224 969 1305 fideicommiserunt‚
987 1223 1079 1292 sicut
1102 1223 1239 1314 adjura-

191 1349 328 1423 verunt,
345 1342 398 1410 ita
413 1349 530 1411 teneo.
557 1338 636 1411 Vos
652 1347 749 1410 certe
766 1338 1084 1410 exhaeredaverunt
1100 1360 1240 1429 semper

191 1465 229 1527 et
252 1457 516 1538 abdicaremnt,
542 1463 584 1526 ut
611 1463 809 1538 extraneos,
838 1462 881 1524 ut
908 1455 1079 1525 inimicos.
1132 1453 1241 1525 Unde

191 1579 313 1643 autem
330 1573 500 1654 extranei,
518 1579 556 1641 et
573 1571 706 1641 inimici
723 1569 891 1663 apostolis
908 1569 1085 1654 haretici;
1109 1571 1240 1641 nisiex

147 1688 397 1759 rediversitate
440 1689 621 1770 doctrinae,
664 1709 771 1779 quam
814 1689 1054 1779 uuusquisque
1091 1688 1136 1757 de
1176 1710 1240 1757 suo

192 1804 347 1888 arbitrio,
364 1803 531 1875 adversus
553 1803 731 1896 apostolos
748 1810 810 1872 aut
826 1802 984 1895 protulit,
1002 1811 1065 1874 aut
1082 1804 1240 1896 recepit?

226 1915 324 1991 vIllic
341 1921 450 2015 igitur
466 1928 504 1990 et
520 1921 773 2012 scripturarum
798 1927 836 1988 et
853 1919 1115 2011 expositionum
1140 1919 1395 2042 adid-Infit&1¹

192 2039 322 2108 teratio
347 2037 550 2131 deputanda
575 2045 640 2120 est,
656 2037 719 2108 ubi
745 2036 928 2106 diversitas
954 2035 1122 2107 doctrinae
1143 2038 1240 2106 inve-
1396 2024 1404 2038 ”

193 2153 302 2222 nitur.
337 2151 476 2236 Quibus
492 2152 562 2222 fuit
577 2153 797 2246 propositum
814 2151 918 2222 aliter
934 2150 1104 2236 docendi;
1121 2175 1243 2224 neces·

150 2268 280 2353 15sitas
296 2269 427 2338 institit
444 2267 548 2339 aliter
569 2268 778 2361 disponendi
803 2268 1040 2339 instrumenta
1064 2269 1241 2339 doctrinae.

194 2384 296 2456 Aliae
321 2385 417 2456 enim
441 2407 514 2454 non
538 2384 736 2478 potuissent
761 2383 866 2454 aliter
887 2384 1024 2467 docere,
1047 2385 1115 2454 nisi
1140 2382 1244 2454 aliter

194 2501 368 2572 haberent
383 2524 448 2594 per
464 2524 545 2592 quae
563 2502 743 2571 docerent.
776 2499 879 2571 Sicut
895 2499 966 2571 illis
982 2523 1054 2571 non
1071 2503 1244 2594 potuisset

195 2617 383 2688 succedere
400 2615 601 2709 corruptela
618 2616 786 2686 doctrinae
803 2617 879 2686 sine
899 2615 1099 2710 corruptela
1115 2617 1245 2686 instru-

196 2741 399 2804 mentorum
416 2733 513 2824 ejus:
540 2732 592 2802 ita
608 2740 647 2802 et
662 2732 766 2802 nobis
782 2733 968 2826 integritas
984 2733 1154 2804 doetrinae
1172 2755 1245 2802 non

151 2874 189 2914 20
198 2850 425 2944 competisset
441 2849 517 2918 sine
534 2848 739 2942 integritate
756 2870 889 2931 eorum,
906 2871 971 2941 per
986 2871 1067 2940 quae
1085 2850 1245 2921 doctrina

198 2971 382 3035 tractatur.
424 2961 568 3032 Etenim
585 2962 670 3054 quid
687 2963 902 3033 contrarium
919 2963 1021 3034 nobis
1038 2965 1076 3032 in
1091 2965 1244 3036 nostris?

198 3078 283 3170 quid
310 3079 355 3148 de
379 3079 519 3170 proprio
544 3078 740 3160 intulimus,
759 3087 800 3148 nt
819 3078 952 3169 aliquid
966 3080 1181 3150 contrarium
1200 3083 1243 3162 11,

200 3191 295 3285 quod
311 3199 406 3262 esset
421 3193 458 3262 in
473 3194 655 3285 scripturis
672 3192 940 3285 deprehensum,
952 3193 1169 3264 detractione
1188 3193 1245 3264 vel

201 3309 399 3402 adjectione
417 3307 473 3378 vel
491 3307 795 3390 transmutatione,
817 3309 1114 3380 remediaremus?
1140 3309 1245 3394 Quod

153 3445 332 3515 assumus,
349 3422 417 3494 hoc
443 3432 526 3494 sunt
550 3425 734 3517 scripturae
754 3424 831 3516 jam
857 3425 939 3494 inde
963 3423 1010 3495 ab
1035 3426 1137 3495 initio
1162 3448 1246 3496 suo:

127 3613 130 3616 ,
200 3562 249 3610 ex
282 3537 352 3610 illis
385 3562 516 3622 sumus,
543 3547 734 3632 autequam
760 3538 852 3634 (scr.
883 3541 1069 3633 antiquum
1098 3539 1246 3631 Junius)

201 3653 290 3726 nihil
319 3653 423 3726 aliter
448 3655 527 3738 firit,
554 3679 661 3748 quam
688 3678 820 3726 sumus.
871 3655 967 3740 Quid
992 3655 1145 3748 denique
1168 3657 1246 3738 fuit,

201 3779 392 3862 antequam
425 3793 447 3841 a
483 3771 585 3842 nobis
622 3771 949 3866 interpolarentur?
992 3772 1084 3842 Cum
1127 3780 1248 3842 autem

202 3884 318 3956 omnis
351 3885 576 3979 interpolatio
609 3888 783 3979 posterior
809 3889 999 3959 credenda¹
1018 3888 1073 3969 sit,
1105 3887 1249 3958 veniens

154 4002 327 4097 30utique
359 4023 407 4072 ex
440 4023 546 4072 cansa
579 4001 842 4086 aemulatioms;
884 4027 965 4096 qnae
1002 4026 1118 4095 neque
1156 4005 1250 4096 prior

202 4139 319 4209 neque
340 4118 534 4190 domestica
558 4141 715 4211 unquam
741 4128 796 4189 est
817 4121 902 4212 ejus,
924 4120 1019 4211 quod
1044 4117 1248 4190 aemulatur:

194 4243 278 4306 -tam
295 4233 501 4304 incredibile
518 4243 573 4306 est
589 4236 739 4329 sapienti
757 4235 896 4326 cuique,
910 4242 951 4304 ut
968 4256 1032 4304 nos
1048 4233 1249 4305 adulterum

197 4348 336 4442 stylum
378 4349 538 4422 intulisse
577 4351 760 4422 videamur
801 4350 991 4443 scripturis,
1026 4352 1086 4443 qui
1129 4373 1250 4421 sumus

715 4486 743 4537 x
