3316 5198
409 464 473 532 156
763 463 1105 529 TERTULLIANI

407 642 574 713 adversus
592 638 817 709 Creatorem:
843 647 906 708 aut
931 639 960 708 si
981 639 1126 708 unicum
1147 635 1353 707 Creatorem
1370 657 1454 706 con-

406 757 563 838 fitentur,
593 754 699 825 aliter
729 777 812 825 eum
847 754 1033 838 dissemnt,
1063 776 1169 846 quam
1202 755 1240 822 in
1270 775 1354 822 vero
1388 761 1453 822 est.

407 873 535 964 Itaque
565 893 672 941 omne
705 871 929 941 mendacium
958 871 1004 941 de
1036 870 1115 942 Deo
1142 868 1200 941 vel
1233 870 1331 939 natio
1359 865 1452 962 (sor.

406 989 513 1081 ratio)
531 988 791 1080 quodammodo
808 1008 924 1069 sexus,
942 996 997 1056 est
1014 986 1232 1057 idololatriae.

459 1105 545 1176 Non
558 1106 721 1176 omittam
739 1104 848 1197 ipsius
860 1105 969 1175 etiarn
987 1103 1261 1174 conversationis
1273 1100 1480 1174 haereticaes

349 1221 356 1236 '
406 1222 689 1314 descriptionem,
724 1243 831 1312 quam
866 1218 987 1301 futilis,
1022 1242 1128 1312 quam
1163 1226 1312 1300 terrena,
1347 1239 1454 1309 quam

275 4146 358 4195 ΟΑΡ.

273 4211 362 4261 ΧΙιΙΙ.

404 1337 561 1408 humana
593 1337 659 1420 sit;
696 1337 771 1406 sine
804 1338 988 1430 gravitate,
1016 1338 1091 1406 sine
1125 1335 1347 1415 auctoritate,
1378 1334 1454 1404 sine

405 1453 597 1546 disciplina,
617 1463 660 1523 ut
689 1453 773 1522 fidei
802 1475 873 1522 suoe
901 1475 1107 1547 congruens.
1159 1451 1350 1543 Inprimis
1376 1451 1453 1541 quis

405 1569 689 1650 catechumenus,
724 1569 802 1659 quis
834 1567 958 1650 fidelis,
993 1570 1168 1638 incertum
1203 1575 1284 1636 est:
1322 1566 1454 1658 pariter

404 1684 547 1766 adeunt,
565 1685 696 1776 pariter
711 1683 870 1766 audiunt,
888 1685 1019 1776 pariter
1036 1691 1158 1754 orant:
1185 1683 1293 1752 etiam
1320 1681 1452 1751 ethnici
1468 1709 1502 1748 ιο

272 1828 287 1861 ι
328 1811 370 1862 vii·
404 1800 433 1870 si
459 1801 735 1892 supervenerint,
758 1807 913 1870 sunctum
940 1797 1089 1882 mnibus,
1113 1807 1144 1870 ct
1168 1798 1288 1892 porcia
1317 1821 1453 1894 marpu-

403 1915 501 1998 ritas,
535 1913 621 1985 licet
656 1937 728 1984 non
763 1936 871 1996 veras,
908 1914 1108 2007 jactabunt.
1177 1913 1453 2006 Simplicitatem

404 2030 529 2101 volunt
559 2053 635 2101 esse
665 2031 938 2123 prostmtionem
967 2029 1183 2122 disciplinae;
1216 2030 1316 2120 cujus
1345 2051 1453 2122 penes

403 2169 467 2216 nos
485 2168 615 2227 curam,
628 2144 844 2216 lenocinium
857 2154 1006 2216 vocant:
1024 2169 1147 2239 pacem
1166 2167 1306 2238 quoque
1322 2147 1453 2237 passim

403 2284 485 2332 cum
520 2260 684 2330 omnibus
717 2263 878 2331 miscent.
932 2260 1034 2331 Nihil
1069 2262 1164 2331 euim
1198 2263 1347 2331 interest
1373 2259 1501 2356 illis,15

403 2378 488 2448 licet
522 2377 659 2447 diversa
692 2378 935 2460 tractantibus,
964 2379 1050 2448 dum
1084 2377 1130 2447 ad
1163 2379 1268 2447 unius
1295 2379 1453 2448 veritatis

403 2494 702 2586 expugnationem
721 2495 933 2586 conspirent.
989 2492 1124 2564 Omnes
1140 2501 1305 2577 tument;
1331 2517 1453 2564 omnes

403 2611 587 2681 scientiam
612 2609 835 2701 pollicentur.
886 2608 986 2681 Ante
1012 2619 1095 2680 sunt
1117 2611 1266 2704 perfecti
1288 2611 1454 2682 catechu-

403 2727 510 2809 meni,
528 2748 634 2818 quam
654 2725 782 2796 edocti.
835 2726 928 2819 Ipsae
953 2725 1119 2796 mulieres
1144 2725 1320 2797 haeretioae
1346 2751 1453 2818 quam

403 2841 587 2935 procaces!
625 2865 706 2934 quae
740 2843 894 2912 audeant
928 2842 1066 2924 docere,
1097 2845 1321 2926 contendere,
1352 2866 1502 2916 exer-20

404 2960 531 3030 cismos
553 2980 667 3051 agere,
685 2960 884 3028 curationes
910 2960 1166 3051 repromittere,
1194 2960 1388 3031 fortassean
1414 2969 1453 3031 et

404 3076 552 3170 tingere.
604 3072 854 3146 Ordinationes
881 3097 1003 3145 eorum
1034 3076 1242 3157 temerariae,
1269 3074 1374 3158 leves,
1399 3076 1453 3144 in-

403 3197 627 3273 constantes;
652 3213 746 3261 nunc
772 3189 968 3282 neophytos
994 3189 1189 3273 conlocant,
1211 3214 1306 3261 nunc
1332 3189 1452 3261 seculo

403 3307 600 3387 obstrictos,
642 3329 736 3376 nunc
770 3314 947 3398 apostatas
982 3313 1129 3387 nostros,
1164 3314 1205 3375 ut
1238 3305 1350 3400 gloria
1392 3329 1452 3377 eos

404 3421 573 3514 obligent,
589 3422 673 3512 quia
689 3422 840 3490 veritate
856 3442 929 3490 non
952 3429 1110 3512 possunt.
1164 3421 1350 3513 Nusquam
1369 3423 1453 3493 faci-
1464 3458 1499 3517 ²5

403 3537 471 3608 lius
488 3537 679 3630 proficitur,
697 3559 804 3628 quam
830 3537 867 3605 in
884 3537 1006 3606 castris
1024 3535 1230 3606 rebellium:
1256 3538 1318 3608 ubi
1335 3539 1451 3630 ipsum

404 3675 479 3724 esse
514 3652 595 3734 illic,
622 3653 812 3744 promereri
847 3661 912 3724 est.
964 3652 1091 3744 Itaque
1125 3651 1214 3723 alius
1243 3654 1349 3725 bodie
1379 3657 1452 3747 epi-

403 3791 539 3860 scopus
557 3791 633 3838 cras
657 3768 768 3839 alius:
794 3767 901 3838 bodie
927 3767 1104 3851 diaconus,
1128 3769 1189 3861 qui
1216 3793 1292 3840 cras
1317 3769 1451 3842 lector:

402 3885 509 3956 bodie
543 3886 734 3977 presbyter,
769 3885 829 3976 qui
864 3907 940 3954 cras
973 3884 1094 3955 laicus.
1152 3882 1250 3955 Nam
1284 3895 1322 3956 et
1356 3887 1453 3959 laicis

403 4000 634 4073 sacerdotalia
657 4024 806 4071 munere
829 4001 1029 4094 injungunt.
1462 4037 1503 4094 ³0

454 4117 512 4189 De
529 4118 627 4189 verbi
645 4124 765 4188 autem
784 4117 1087 4187 administratione
1104 4117 1189 4208 quid
1207 4117 1343 4201 dicam;
1369 4141 1452 4190 cum

403 4233 472 4303 hoc
489 4235 535 4304 sit
552 4235 735 4328 negotium
753 4232 833 4316 illis,
850 4256 922 4303 non
947 4233 1108 4303 ethnicos
1133 4235 1372 4316 convertendi,
1390 4233 1453 4304 sed

340 4349 345 4358 '
403 4357 541 4420 nostros
568 4349 779 4420 evertendi?
805 4348 910 4418 Hanc
936 4349 1049 4441 magis
1073 4347 1221 4440 gloriam
1247 4359 1401 4441 captant,
1422 4351 1452 4420 si
