3294 5192
799 522 1017 588 CANONES

771 772 972 848 ΚΑΝΩΝ
1000 774 1044 848 Γ.

441 921 712 1029 Ἀπηγόρευσεν
744 922 902 1006 καθόλου
931 927 955 1025 ἡ
986 924 1129 1030 μεγάλη
1154 927 1316 1026 σύνοδος,
1344 927 1435 1027 μήτε

385 1049 581 1160 ε’πισκόπῳ,
611 1049 700 1152 μήτε
729 1054 979 1162 πρεσβυτέρῳ,
1011 1053 1102 1154 μίγτε
1139 1054 1305 1163 διακόνῳ,
1343 1054 1433 1154 μήτε

386 1175 480 1261 ὅλως
516 1182 584 1258 τινὶ
616 1186 689 1257 τῶν
719 1183 757 1259 ἐν
787 1186 838 1287 τῷ
868 1179 1006 1289 κλήρῳ,
1038 1181 1168 1288 ἐξεῖναι
1196 1183 1432 1261 συνείσακτον

384 1304 489 1408 ἔχειν·
518 1304 619 1405 πλὴν
635 1312 665 1386 εἰ
692 1305 742 1408 μὴ
770 1307 841 1410 ἄρα
866 1309 1016 1411 μητέρα,
1038 1306 1252 1415 ἢὰδελφὴν,
1275 1307 1457 1408 ironiam

388 1427 402 1460 ι
431 1431 445 1460 a
505 1430 514 1458 ι

384 1466 407 1531 η
426 1466 451 1509 α
467 1466 561 1532 μονα
577 1431 760 1536 πρόσωπα
776 1442 901 1515 πᾶσαν
921 1437 1082 1542 ὑποψίαν
1101 1435 1346 1543 διαπέφευγεν.

767 1647 967 1722 ΚΑΝΩΝ
999 1649 1046 1722 Δ.

438 1802 663 1882 Ἐπίσκοπον
695 1801 870 1907 προσήκει
898 1801 1064 1904 μάλιστα
1094 1802 1159 1902 μὲν
1187 1799 1256 1882 ὑπὸ
1284 1801 1430 1883 πάντων

381 1934 453 2008 τῶν
471 1930 510 2008 ἐν
527 1935 572 2034 τῇ
591 1931 744 2036 ἐπαρχίᾳ
761 1932 1018 2010 καθίστασθαι.
1068 1937 1097 2010 εί
1125 1928 1164 2009 δὲ
1188 1929 1358 2035 δυσχερὲς
1376 1929 1429 2029 εἴη

379 2054 422 2135 τὸ
439 2065 587 2154 τοιοῦτο,
606 2055 629 2157 ἢ
653 2057 712 2137 διὰ
733 2059 1015 2160 κατεπείγουσαυ
1032 2057 1202 2159 ἀνάγκην,
1220 2053 1243 2156 ἢ
1270 2053 1330 2136 διὰ
1353 2060 1424 2156 μῆ-
1441 2083 1477 2122 ¹0

380 2217 441 2266 κος
460 2185 556 2264 ὀδοῦ·
578 2185 622 2292 ἐξ
638 2183 796 2270 ἅπαντος
808 2193 901 2290 τρεῖς
919 2187 977 2266 ἐπὶ
990 2182 1033 2266 τὸ
1047 2184 1133 2265 αὐτὸ
1151 2183 1427 2285 συναγομένους,

378 2309 595 2417 συμψήφων
612 2313 806 2414 γινομένων
824 2316 883 2393 καὶ
909 2319 982 2392 τῶν
1000 2311 1240 2392 ἁπάντωνκαὶ
1258 2317 1423 2391 συντιθε-

377 2437 493 2534 μένων
523 2438 583 2517 διὰ
610 2439 844 2543 γραμμάτων,
871 2438 951 2520 τθτε
983 2438 1048 2540 τὴν
1070 2440 1288 2544 χειροτονίαν
1311 2446 1424 2519 ποιεῖ·

378 2569 479 2643 σθαι.
509 2564 552 2643 τὸ
571 2565 609 2644 δὲ
626 2574 732 2670 κῦρος
749 2574 822 2647 τῶν
841 2566 1035 2669 γινομένων
1054 2569 1219 2647 δίδοσθαι
1241 2569 1318 2646 καθ
1338 2565 1423 2646 ἐκοί-

377 2723 471 2790 στην
488 2692 661 2797 ἐπαρχίαν
677 2698 730 2800 τῷ
746 2694 1006 2798 μητροπολίτῃ.
1439 2721 1473 2782 ¹5

433 3064 524 3164 Περὶ
550 3068 623 3141 τῶν
641 3058 884 3160 ἀκοινωνίγτων
902 3059 1109 3162 γενομένων,
1135 3059 1202 3148 εἴτε
1229 3067 1302 3139 τῶν
1317 3063 1355 3140 ἐν
1373 3066 1426 3168 τῷ

921 3246 954 3304 Si
976 3256 1073 3304 autem
1100 3245 1155 3303 hoc
1180 3244 1296 3304 difficile
1320 3246 1421 3312 fuerit,

512 3287 664 3346 CANON
685 3287 744 3344 ΠΙ·
919 3338 970 3385 aut
984 3336 1103 3404 propter
1122 3327 1279 3384 instantem
1297 3327 1423 3385 necessi.

415 3400 573 3459 Interdixit
587 3421 639 3478 per
659 3401 756 3458 omnia
774 3420 877 3478 magna
918 3416 1018 3472 tutem,
1033 3418 1084 3464 aut
1099 3417 1217 3486 propter
1231 3406 1345 3465 itineris
1357 3406 1423 3464 lon.

375 3481 512 3561 synodus,
545 3501 603 3538 non
638 3481 782 3559 episcopo,
817 3501 876 3538 non
918 3486 1098 3564 gitudinem:
1121 3487 1215 3546 tribus
1239 3499 1336 3545 tamen
1359 3507 1422 3544 om-

374 3562 552 3640 presbytero‚
578 3582 637 3619 non
665 3561 795 3629 diacono,
823 3581 877 3619 nec
918 3567 1042 3624 nimodis
1057 3567 1085 3624 in
1106 3565 1231 3645 idipsum
1247 3567 1423 3625 convenien.

374 3642 460 3699 alicui
474 3643 602 3710 omnino,
617 3642 666 3718 qui
685 3641 714 3697 in
730 3641 807 3700 clero
821 3653 874 3708 est,
918 3648 1005 3713 tibus,
1039 3658 1069 3706 et
1103 3648 1272 3706 absentibus
1305 3667 1422 3724 quoque

373 3720 460 3780 licere
494 3722 742 3780 subintroductam
771 3723 876 3780 habere
918 3728 1075 3806 parimodo
1086 3727 1422 3804 decernentibus,etper

373 3800 541 3860 mulierem:
564 3802 620 3860 nisi
642 3803 718 3859 forte
743 3813 874 3868 matrem,
917 3809 1024 3886 scripta
1046 3807 1318 3877 consentientibus;
1349 3819 1422 3866 tunc

373 3893 425 3941 aut
446 3903 582 3952 sororem,
605 3892 655 3940 aut
679 3882 806 3948 amitam,
830 3882 876 3940 vel
917 3888 1062 3946 ordinatio
1087 3887 1270 3955 celebretur;
1300 3887 1421 3946 firmitus

374 3983 421 4020 eas
435 3974 549 4021 tantum
572 3983 718 4041 personas
733 3984 797 4040 qun
812 3983 874 4021 sus·
917 3979 1013 4026 autem
1041 3987 1140 4026 eorum
1176 3987 1240 4045 quae
1266 3977 1419 4045 geruntur,

374 4043 502 4121 piciones
516 4044 669 4122 effugiunt.
916 4069 968 4126 per
987 4067 1219 4125 unamquamque
1234 4049 1420 4124 provinciam,

505 4164 656 4224 CANON
679 4165 726 4222 IV
916 4128 1140 4206 metropolitano
1175 4129 1320 4186 tribuatur
1355 4128 1419 4206 epi-

915 4229 963 4266 sco
984 4231 1011 4267 0.

413 4267 591 4357 Episebpum
603 4281 738 4340 convenit
748 4280 874 4339 maxime
964 4229 983 4287 p

1202 4330 1211 4350 ι

371 4359 486 4434 quidem
512 4361 549 4416 ab
569 4361 712 4428 omnibus,
733 4361 783 4438 qui
804 4374 872 4418 sunt
1060 4329 1207 4388 CANON
1234 4329 1273 4386 V·

371 4439 871 4518 i¹¹1¹¹⁰Vi¹¹⁰i⁰2‘³1³5800Pss01dfssssri-
957 4443 1003 4501 De
1038 4443 1091 4509 bis,
1127 4443 1178 4519 qui
1215 4443 1418 4501 communione
