3314 5190
497 508 561 572 DE
585 509 960 576 MORTALl'l'ATE.
1189 517 1251 579 281

198 679 295 760 dicit,
330 677 430 750 Mihi
466 683 578 754 cicera
615 682 777 758 Christus
813 695 872 770 ast,
906 695 939 758 et
971 690 1062 760 mord
1095 687 1229 761 locum
1241 716 1252 770 ‚·

196 793 334 864 lucrum
353 798 550 869 maximum
567 811 778 894 computans
788 805 865 895 jam
883 800 1004 875 saeculi
1022 803 1157 896 laqueis
1180 827 1252 876 non

195 912 321 994 teneri,
340 911 418 1004 jam
439 913 547 987 nullis
570 919 725 1009 peccatis
748 929 786 990 et
808 920 903 990 vitiis
920 919 1034 991 carnis
1057 921 1252 992 obnoxium

194 1025 281 1108 fieri,
311 1038 520 1122 exemptum
551 1035 720 1125 pressuris
749 1037 973 1130 angentibus,
1002 1044 1040 1106 ct
1067 1037 1251 1106 venenatis

165 1165 182 1222 5
194 1142 325 1214 diaboli
343 1145 504 1219 faucibus
517 1148 718 1233 liberatum,
732 1151 777 1222 ad
791 1149 955 1224 laetitiam
968 1152 1092 1222 solutis
1103 1159 1250 1222 aeternae

194 1258 337 1330 Christo
355 1272 506 1335 vocante
522 1264 706 1357 proficisci.

243 1375 292 1446 V.
310 1376 460 1449 Atenim
487 1382 658 1472 quosdam
683 1390 806 1454 movet
831 1383 927 1475 quod
952 1383 1139 1476 aequaliter
1165 1406 1248 1454 cum

191 1491 385 1585 gentilibus
419 1504 558 1567 nostros
588 1497 703 1568 morbi
733 1499 835 1568 istius
865 1499 1025 1571 valitudo
1059 1500 1248 1593 corripiat3

191 1609 290 1701 quasi
320 1611 365 1681 ad
395 1611 464 1683 hoc
494 1613 683 1684 crediderit
713 1613 936 1686 Christianus
958 1623 1000 1684 ut
1029 1616 1197 1686 immunis
1226 1639 1248 1685 a

146 1733 359 1796 rocontactu
384 1726 569 1812 malorum,
596 1731 730 1800 mundo
761 1739 799 1800 et
828 1729 962 1801 soeculo
986 1730 1140 1801 feliciter
1168 1754 1247 1823 per·

190 1841 337 1926 fruatur,
362 1851 402 1914 et
423 1867 495 1915 non
520 1847 639 1916 omnia
662 1845 721 1917 hic
744 1847 892 1917 adversa
913 1867 1099 1938 perpessus
1121 1847 1166 1916 ad
1190 1846 1246 1915 fu-

190 1963 306 2028 turam
337 1958 498 2032 laetitiam
529 1971 737 2034 reservetur.
791 1962 920 2033 Movet
948 1963 1118 2054 quosdam
1147 1963 1244 2056 quod

189 2075 236 2144 sit
269 2077 371 2148 nobis
404 2100 486 2148 cum
525 2080 661 2150 caeteris
700 2078 898 2150 mortalitas
931 2081 1000 2150 ista
1033 2083 1243 2151 communis·

190 2188 286 2271 Quid
310 2194 405 2263 enim
430 2194 531 2265 nobis
553 2195 591 2264 in
614 2194 682 2266 hoc
699 2195 834 2266 mundo
857 2217 928 2264 non
949 2217 1139 2266 commune
1159 2217 1242 2266 cum

143 2309 337 2392 rscaeteris,
364 2312 521 2402 quandiu
538 2311 657 2383 adhuc
679 2311 875 2382 secundum
892 2309 1009 2406 legem
1031 2313 1157 2404 primae
1179 2333 1243 2381 na-

188 2424 338 2496 tivitatis
366 2438 488 2498 manet
517 2451 599 2500 coro
633 2429 703 2500 ista
735 2427 958 2499 communis?
1000 2428 1242 2520 Quoadusque

187 2539 267 2611 istic
293 2541 330 2610 in
356 2545 490 2613 mundo
517 2567 648 2624 sumus,
677 2569 759 2616 cum
782 2567 913 2639 genere
942 2544 1099 2615 humano
1128 2546 1241 2616 carnis

186 2655 393 2748 aequalitate
420 2661 677 2755 conjungimur,
700 2662 826 2754 spiritu
847 2683 1060 2754 separamur.
1114 2660 1241 2753 Itaque

186 2774 299 2844 donec
328 2776 563 2871 corruptivum
598 2776 694 2849 istud
722 2774 845 2847 induat
875 2777 1178 2871 incorruptionem
1209 2785 1261 2855 et,
1326 2823 1386 2857 ,m

140 2888 328 2962 comortolc
367 2888 431 2963 loc
470 2893 620 2986 occipiat
663 2888 966 2973 immortalitatem,
1007 2901 1045 2961 et
1086 2893 1239 2985 Spiritus

186 3029 249 3078 nos
278 3010 450 3101 perducat
490 3010 535 3080 ad
559 3008 679 3080 Deum
715 3008 869 3090 Patrem,
899 3030 1121 3100 quaecunque
1155 3018 1239 3078 sunt

185 3126 299 3196 carnis
326 3127 550 3196 incommoda
575 3134 658 3195 sunt
683 3125 785 3194 nobis
810 3145 893 3194 cum
923 3121 1079 3193 humano
1107 3145 1238 3215 genere

184 3243 396 3311 communia
448 3240 508 3312 Sic
533 3263 616 3311 cum
646 3239 736 3310 loetu
765 3237 876 3309 sterili
902 3246 997 3308 terra
1019 3238 1143 3328 jejuna
1172 3246 1237 3313 ost,

184 3359 363 3428 neminem
381 3357 493 3428 fames
513 3365 662 3450 separat.
715 3354 775 3425 Sic
798 3377 880 3424 cum
904 3354 1099 3446 irruptione
1116 3353 1236 3424 hostili

138 3492 173 3553 25
184 3475 308 3546 civitas
335 3473 453 3566 aliqua
481 3495 640 3567 possessa
668 3482 733 3554 est,
764 3491 888 3540 omnes
917 3470 1023 3541 simul
1050 3470 1236 3562 captivitas

183 3599 308 3660 vastat.
362 3589 410 3660 Et
435 3591 576 3682 quando
605 3589 757 3659 imbrem
786 3586 909 3659 nubila
937 3610 1061 3658 serena
1090 3609 1238 3680 suspen·

183 3707 283 3789 dunt,
314 3707 478 3776 omnibus
511 3705 650 3775 siccitas
684 3725 756 3775 una
789 3710 854 3774 est.
907 3702 956 3772 Et
989 3725 1072 3772 oum
1106 3724 1234 3773 navem

183 3818 368 3913 scopulosa
396 3841 483 3889 saxa
515 3819 773 3912 constringtmt,
808 3817 1055 3912 navigantibus
1094 3815 1234 3887 naufra-

181 3936 281 4026 gium
304 3935 379 4004 sine
405 3936 615 4026 exceptione
640 3956 830 4004 commune
855 3943 920 4004 est.
973 3933 1023 4002 Et
1048 3931 1232 4003 oculorum

134 4047 291 4132 sodolor,
310 4058 347 4120 et
364 4049 519 4142 impetus
536 4049 698 4131 febrium,
716 4058 754 4119 ct
771 4052 930 4120 omnium
944 4049 1104 4120 valitudo
1119 4067 1233 4118 mem-

181 4163 324 4234 brorum
354 4187 437 4236 cum
466 4166 605 4236 caeteris
634 4166 832 4236 communis
861 4174 916 4235 est
945 4165 1047 4236 nobis
1075 4163 1232 4255 quandiu

179 4289 342 4374 portatur
362 4282 399 4351 in
422 4280 553 4353 saeculo
576 4303 658 4352 caro
680 4283 750 4351 ista
765 4283 973 4353 communis.
1025 4279 1232 4364 Quinimmo
1297 4343 1301 4354 .

180 4399 208 4468 si
236 4421 306 4490 qua
336 4397 549 4479 conditione,
576 4420 646 4490 qua
675 4396 755 4492 lege
785 4398 983 4478 crediderit,
1010 4395 1232 4468 Christianus

675 4539 737 4588 oo
