3314 5190
469 516 535 580 DE
558 513 683 582 ZELO
706 516 772 581 ΕΤ
795 515 985 582 LIVORE.
1191 519 1257 589 819

206 692 316 785 impie
339 692 399 783 qui
423 692 577 762 moriens
600 713 672 762 non
696 691 926 786 repugnabat.
977 689 1026 762 Et
1049 691 1144 783 quod
1162 690 1414 764 Esauomer.

207 808 307 880 fratri
332 829 396 879 suo
421 805 535 878 Jacob
560 808 723 880 inimicus
748 808 881 891 extitit,
905 805 1004 880 aelus
1028 806 1108 880 luit.
1160 805 1258 880 Nam

208 924 292 1015 quia
328 921 389 992 ille
424 922 709 994 benedictionem
747 923 856 1015 patris
895 931 1089 1014 acceperat,
1122 921 1231 994 hic
1221 946 1259 993 m

208 1037 330 1110 odium
351 1039 606 1129 persecutionis
622 1038 758 1110 facibus
780 1037 899 1110 livoris
916 1038 1058 1112 exarsit.
1097 1037 1147 1109 Et
1163 1039 1369 1180 quodomffi.

180 1153 343 1246 sloseph
368 1153 494 1226 fratres
523 1155 578 1225 sui
607 1155 851 1238 vendiderunt,
877 1177 983 1226 causa
1012 1156 1187 1227 vendendi
1213 1130 1369 1229 dexxxvuL

208 1268 434 1340 aemulatione
462 1268 656 1340 descendit.
707 1267 902 1363 Postquam
931 1272 968 1343 id
1001 1272 1096 1363 qnod
1125 1272 1232 1344 sibi
1221 1296 1259 1344 m

210 1384 402 1456 visionibus
437 1406 643 1478 prosperum
678 1385 796 1456 fuerat
833 1395 1014 1460 ostensum
1053 1387 1260 1482 simpliciter

209 1509 251 1572 ut
276 1500 442 1571 fratribus
470 1501 580 1571 frater
608 1504 782 1596 exposuit,
811 1503 849 1574 in
878 1503 1047 1576 invidiam
1071 1503 1259 1578 malivolus

209 1617 348 1688 animus
373 1617 499 1709 erupit.
551 1616 638 1688 Saiil
660 1641 801 1711 quoque
823 1641 888 1690 rex
910 1627 952 1691 ut
978 1619 1095 1691 David
1116 1623 1422 1706 odissetruegavua

165 1759 201 1799 ιο
210 1740 252 1803 ut
270 1733 573 1825 persecutionibus
596 1756 691 1827 saepe
714 1735 874 1828 repetitis
896 1737 1135 1820 innocentem,
1154 1738 1259 1808 mise-

209 1849 393 1932 ricordem,
428 1849 508 1918 miti
542 1847 691 1921 lenitate
720 1852 917 1944 patientem
946 1873 1073 1924 necare
1102 1861 1258 1944 cuperet,

210 1965 296 2057 quid
325 1964 421 2036 aliud
455 1988 562 2057 quam
595 1965 664 2038 zeli
697 1967 862 2039 stimulus
894 1967 1123 2061 provocavit?
1165 1967 1422 2052 Qutaama

211 2077 357 2150 Goliath
374 2080 573 2164 interfecto,
591 2089 629 2152 et
645 2104 713 2175 ope
735 2105 778 2153 ac
801 2081 1006 2176 dignatione
1023 2083 1142 2154 divina
1157 2089 1259 2154 tanto

210 2194 313 2266 hoste
348 2195 477 2280 deleto,
513 2196 665 2289 populus
702 2198 879 2270 admirans
912 2199 951 2269 in
985 2196 1109 2270 laudes
1142 2196 1261 2269 David

167 2343 177 2383 ι
184 2310 466 2402 5proedicationis
492 2312 656 2407 suffiagio
685 2313 845 2408 prosiliit,
872 2313 959 2386 Saiil
988 2314 1179 2386 simultatis
1207 2321 1261 2385 at-

211 2451 282 2520 que
305 2429 546 2500 insectationis
571 2429 680 2502 firrias
705 2432 750 2503 de
775 2429 885 2502 livore
914 2431 1088 2524 concepit.
1139 2429 1189 2502 Et
1213 2453 1260 2503 ne

211 2543 358 2641 longum
378 2548 506 2620 boiam
531 2547 687 2643 singulos
712 2541 946 2632 recensendo,¹
954 2548 1134 2642 pereuntis
1154 2546 1260 2618 simul

212 2664 331 2757 populi
369 2665 594 2736 attendamus
629 2667 824 2737 interitum.
874 2664 991 2737 Judaei
1026 2689 1144 2738 nonne
1177 2666 1261 2737 inde

212 2781 394 2871 periemnt
420 2781 506 2851 dum
532 2779 674 2852 Christo
700 2781 840 2852 malunt
866 2781 1023 2852 invidere
1050 2804 1157 2873 quam
1186 2803 1261 2852 cre-

166 2921 205 2960 20
214 2894 342 2966 derel·
367 2893 619 2966 obtrectantes
647 2895 870 2990 magnalibus
896 2919 977 2988 quae
1005 2895 1068 2968 ille
1096 2897 1260 2979 faciebat,

213 3009 292 3080 nelo
324 3018 530 3081 excaecante
563 3011 703 3104 decepti
732 3020 826 3094 sunt,
854 3035 922 3083 neo
955 3012 1001 3082 ad
1034 3013 1153 3083 divina
1181 3033 1262 3084 nos-

214 3127 327 3196 cenda
342 3127 457 3197 cordis
473 3126 595 3200 oculos
611 3127 746 3219 aperire
762 3134 966 3220 potuerunt.

265 3241 337 3312 III.
362 3241 451 3324 Quae
480 3263 544 3312 nos
573 3241 844 3326 considerantes,
872 3242 999 3312 fratres
1031 3239 1260 3325 dilectissimi,

214 3365 338 3427 contra
362 3365 500 3428 tantam
523 3357 608 3428 mali
633 3358 825 3451 perniciem
849 3355 1037 3452 vigilanter
1058 3366 1097 3429 et
1121 3357 1262 3430 fortiter

168 3497 203 3560 ²⁵
215 3473 332 3544 dicata
349 3471 429 3544 Deo
449 3483 595 3566 pectora
617 3475 829 3546 muniamus.
879 3469 1046 3544 Aliorum
1062 3495 1157 3545 mors
1181 3495 1261 3565 pro-

214 3585 311 3657 ficiat
332 3587 378 3658 ad
400 3595 555 3658 nostram
578 3585 740 3670 salutem,
758 3587 1036 3680 impnrdentium
1056 3609 1162 3679 poena
1179 3607 1261 3679 pro-

214 3701 415 3773 videntibus
431 3703 591 3774 conferat
606 3703 805 3774 sanitatem.
857 3701 943 3773 Non
960 3711 1015 3774 est
1030 3711 1153 3774 autem
1164 3701 1260 3795 quod

213 3817 340 3910 aliquis
363 3819 545 3890 existimet
566 3818 702 3890 malum
724 3820 820 3891 istud
845 3841 918 3890 una
942 3820 1059 3913 specie
1088 3817 1261 3892 contineri

213 3940 278 4002 aut
294 3933 460 4005 brevibus
476 3935 636 4006 terminis
652 3941 691 4005 et
705 3943 858 4028 angrmto
872 3935 944 4006 fine
960 3933 1135 4006 concludi.
1170 3932 1262 4003 late

166 4051 316 4137 30patet
340 4043 407 4116 aeli
431 4043 622 4139 multiplex
651 4054 689 4117 et
718 4045 882 4118 frammda
909 4045 1092 4139 pernicies
1143 4041 1261 4114 Radix

215 4171 271 4234 est
307 4162 482 4235 melorum
521 4163 691 4245 omnium,
724 4163 803 4235 fons
836 4161 1001 4246 cladium,
1034 4161 1262 4233 seminarium

215 4275 436 4360 delictorum,
462 4278 611 4349 materia
634 4277 828 4372 culparum.
880 4277 969 4348 Inde
994 4277 1116 4349 odium
1139 4276 1263 4370 surgit,

216 4393 420 4466 animositas
436 4393 518 4465 inde
535 4395 704 4486 procedit.
735 4393 933 4468 Avaritiam
949 4391 1263 4474 carantanum

28 4149 30 4196 i
