3316 5198
414 471 478 534 DE
503 470 905 552 PRAESCRIPTIONE
930 473 1054 538 ΗΕΒ.
1196 472 1259 536 155
1357 535 1365 550 ,

209 643 278 714 Dei
296 642 480 714 voluntate
505 643 702 736 dispositos,
725 652 766 714 ut
788 643 963 714 haereticis
988 645 1154 714 materies
1179 643 1261 714 sun

206 761 457 844 ministrarent,
475 783 558 830 cum
576 759 703 855 legem,
721 769 886 854 oportere
902 759 1057 830 haereses
1074 782 1160 843 esse,
1178 781 1260 852 quae

206 878 282 948 sine
300 877 480 969 scripturis
497 899 573 948 csso
590 899 662 947 non
679 885 837 970 possunt.

259 992 330 1063 Sed
374 994 555 1085 quaeritur,
589 1017 612 1064 o
653 1017 723 1087 quo
766 991 971 1064 intellectus
1008 993 1421 1067 intervertaturcimn.

179 1131 342 1196 secrum,
360 1131 441 1201 quse
466 1110 510 1180 ud
535 1109 684 1180 haereses
711 1107 867 1180 socient?
894 1107 930 1178 A
949 1107 1090 1180 diabolo
1114 1107 1259 1192 scilicet,

207 1225 307 1316 cujus
324 1233 408 1295 sunt
431 1233 549 1317 partes
572 1225 827 1296 intervertendi
845 1225 1054 1297 veritatem:
1080 1228 1141 1318 qui
1168 1227 1259 1319 ipsos

207 1363 348 1433 quoquc
378 1363 434 1411 res
461 1349 761 1412 tentamentorum
787 1342 987 1412 divinorum
1017 1343 1054 1412 in
1082 1342 1259 1417 idolorum

206 1457 382 1550 mysteriis
398 1455 598 1528 aemuletur.
646 1457 772 1551 Tingit
789 1466 827 1528 et
844 1459 919 1549 ipse
936 1459 1117 1549 quosdam,
1135 1460 1259 1550 utique

206 1573 391 1644 credentes
411 1581 449 1643 et
474 1572 598 1645 fideles
628 1595 729 1644 suos:
756 1575 1016 1666 expositionem
1046 1573 1259 1645 delictorum

162 1691 252 1760 rode
281 1688 420 1760 lavacro
447 1691 683 1782 repromittit:
710 1700 748 1760 et
772 1691 801 1760 si
822 1689 939 1760 adhuc
964 1691 1082 1760 initiet
1111 1688 1258 1780 Mithra,

206 1805 323 1898 signet
357 1805 429 1876 illio
456 1806 494 1876 in
523 1805 699 1877 frontibus
728 1805 862 1876 milites
891 1827 999 1880 suos:
1036 1805 1192 1878 celebret
1222 1815 1259 1876 et

206 1922 306 2014 penis
340 1921 578 2005 oblationem;
617 1931 655 1992 et
683 1923 874 2016 imaginem
909 1922 1186 1994 resurrectionis¹
1207 1922 1260 1992 in-

208 2035 317 2119 ducit,
335 2049 373 2108 et
390 2038 456 2108 sub
480 2036 599 2131 gladio
625 2037 769 2109 redimit
786 2059 962 2108 coronam.
1014 2035 1136 2120 Quid?
1163 2038 1257 2129 quod

207 2161 245 2222 et
279 2174 458 2223 summurn
491 2154 698 2246 pontificem
733 2155 769 2224 in
809 2153 889 2224 unis
927 2153 1061 2244 nuptiis
1101 2152 1258 2224 statuit?

163 2265 332 2358 15Hnbet
357 2277 395 2339 et
412 2269 585 2361 virgines3
611 2269 720 2340 habet
741 2280 779 2339 et
803 2270 1036 2340 continentes.
1088 2268 1258 2340 Ceterum

206 2383 236 2453 si
272 2381 407 2454 Numae
442 2383 609 2476 Pompilii
650 2386 917 2477 superstitiones
951 2383 1195 2468 revolvemus;
1229 2387 1257 2456 si

206 2502 437 2572 sacerdotalia
467 2502 591 2584 officis,
616 2504 768 2596 iusignia
798 2509 836 2573 et
857 2501 1050 2595 privilegio,
1074 2503 1103 2572 si
1130 2501 1259 2572 sacrifi-

206 2620 363 2688 centium
388 2619 649 2700 ministerium
674 2620 911 2688 instrumenta
933 2626 971 2688 et
993 2641 1075 2688 vesu
1101 2619 1255 2708 ipsorum

206 2735 465 2815 sscniiciorum,
483 2757 524 2804 ac
550 2733 770 2826 piaculorum
794 2744 831 2804 et
848 2743 1012 2804 votorum
1035 2735 1257 2804 curiositates
1336 2719 1341 2726 ⁴

160 2851 501 2934 socomideremus;
543 2873 661 2920 nonne
694 2851 883 2921 manifeste
916 2849 1078 2921 diabolus
1112 2851 1257 2920 morosi-

205 2975 319 3038 tatem
349 2966 448 3037 illurn
477 2966 640 3038 Judeicae
668 2967 756 3060 legis
783 2967 944 3037 imitatus
969 2966 1049 3036 esti
1075 2964 1147 3049 Qui
1172 2987 1256 3059 ergo

206 3084 299 3175 ipsos
315 3105 381 3166 res,
399 3085 443 3154 dc
469 3083 597 3175 quibus
620 3090 840 3152 sacramento
860 3081 992 3152 Christi
1010 3081 1257 3151 administran-

206 3209 275 3282 tur,
293 3209 368 3270 tem
393 3199 601 3270 aemulsntsr
621 3197 800 3268 affectavit
817 3197 1027 3288 exprimere,
1045 3196 1081 3264 in
1105 3195 1257 3286 negotiis

206 3315 436 3399 idololatriae3
453 3316 578 3407 utique
594 3323 632 3384 et
649 3315 745 3384 idem
762 3321 801 3382 et
817 3312 944 3384 eodem
961 3311 1104 3403 ingenio
1121 3310 1254 3402 gestiit,

160 3440 245 3514 25et
268 3433 387 3525 potuit
415 3433 652 3501 instrumente
681 3451 821 3521 quoque
845 3427 1042 3498 divinorum
1067 3447 1195 3506 rerum,
1218 3434 1256 3494 et

206 3556 408 3619 sanctorum
436 3545 495 3636 (al.
526 3553 836 3617 sacramentorum.
873 3540 950 3613 Vid.
973 3543 1058 3634 not.)
1086 3539 1256 3610 Christis-

206 3685 343 3746 norum,
365 3685 507 3734 sonsum
538 3661 583 3732 de
610 3660 780 3741 sensibus,
804 3661 912 3730 verbo
938 3659 983 3729 de
1006 3657 1132 3738 verbiS,
1157 3679 1256 3748 pern

206 3779 305 3850 bolus
332 3780 378 3849 do
404 3776 588 3871 parobolis,
609 3775 763 3868 profunae
786 3783 825 3846 et
846 3772 989 3844 aemulae
1014 3772 1096 3842 fidei
1126 3779 1255 3840 attem-

205 3917 338 3988 perare.
401 3894 449 3964 Et
483 3894 575 3975 ideo,
609 3915 725 3984 neque
758 3914 780 3962 e
814 3889 955 3962 diabolo
988 3888 1146 3958 immissa
1178 3901 1397 3966 essenpnesvr.

158 4010 377 4104 gospiritslin
409 4010 590 4101 nequitiae,
620 4031 667 4079 ex
701 4007 831 4099 quibus
867 4007 975 4076 etiem
1009 4003 1162 4074 haereses
1196 4025 1256 4072 ve-

206 4128 320 4210 niunt,
351 4125 514 4197 dubitare
548 4126 626 4217 quis
656 4124 791 4206 debet;
829 4145 945 4212 neque
978 4120 1024 4190 sb
1057 4116 1256 4190 idololatria

207 4243 339 4314 distare
362 4242 522 4324 hereses,
540 4263 650 4334 quum
676 4247 713 4310 et
730 4240 893 4318 auctoris,
911 4247 949 4308 et
966 4238 1079 4330 operis
1097 4235 1254 4328 ejusdem

206 4360 287 4440 sint,
314 4359 415 4449 cujus
442 4367 481 4428 et
503 4355 711 4428 idololatria.
764 4353 883 4425 Deum
904 4361 967 4424 cut
989 4353 1128 4446 lingunt
1145 4351 1255 4424 ulium

698 4491 725 4540 x
743 4477 766 4542 2
