3326 5200
300 445 546 511 ΑΝΝΟΤΑΤ.
571 446 677 510 ADV.
702 447 863 511 OMNES
887 447 1128 513 HAERESES.
1185 449 1250 518 217

204 615 327 682 Ferunt
341 617 553 702 Apostolaram
562 620 669 695 Astus,
683 618 843 683 Simonem
857 620 961 705 ipsum
975 619 1080 702 λέγειν
1093 619 1172 684 εἶναι’
1183 646 1250 686 τινα

205 703 311 768 ἑαυτὸν
325 703 431 784 μέγαν,
448 711 581 770 eaeteros
596 726 670 770 vero
685 725 795 769 omnes
809 706 849 770 de
864 727 903 770 eo
925 706 1038 783 dicere,
1054 707 1151 773 Οὗτός
1165 709 1249 771 ἐστιν

202 790 221 868 ἡ
236 791 358 869 δύναμις
371 795 423 853 τοῦ
439 795 521 854 Θεοῦ
535 792 553 870 ἡ
568 791 695 872 μεγάλη.
710 813 748 855 ee
772 841 779 856 .
794 791 858 856 viii.
874 813 986 856 eornm.
1000 811 1030 874 9.
1049 812 1095 856 ιο.

248 875 286 938 P.
302 873 401 939 real.
413 893 464 939 20.
474 897 512 940 ae
527 877 670 941 daemone
684 899 718 942 se
733 813 902 942 oberrante
918 878 971 977 qui
986 884 1071 942 esset
1081 877 1248 962 sapientia,

204 961 401 1026 descendisse
417 963 634 1047 quaerendum]
656 962 708 1026 Ita
723 985 756 1027 se
771 962 869 1028 hebet
884 963 983 1030 edsio
996 963 1151 1049 princeps.
1184 963 1248 1028 Sed

204 1046 236 1108 in
258 1047 382 1113 duabus
402 1048 631 1132 posterioribus
646 1048 792 1113 Rhenani
813 1049 1014 1128 editionibus,
1031 1071 1109 1133 quas
1130 1057 1248 1118 seoutae

204 1141 279 1197 arnt
293 1133 388 1198 editt.
405 1133 508 1198 Paris.
528 1135 630 1198 ambae
653 1141 686 1198 et
703 1134 841 1199 Franek.
857 1143 891 1200 et
906 1135 1098 1222 Rigaltiena,
1114 1143 1206 1200 extet
1227 1159 1249 1200 a

203 1218 339 1282 doensoas
363 1240 393 1282 se
416 1217 580 1298 memento,
603 1221 658 1321 pai
681 1231 752 1284 esset
771 1222 933 1306 sapientia,
957 1222 1139 1286 descendisse
1164 1244 1248 1308 quae·

203 1303 340 1382 readmn,
368 1305 428 1368 nisi
454 1306 539 1389 quod
561 1307 764 1372 edrt.Pe1is.
789 1308 927 1372 seeunda
951 1306 1111 1372 marnas
1140 1308 1247 1386 habet,

205 1389 363 1476 Rigaltius
376 1397 485 1456 autem
504 1414 566 1476 qua
585 1414 644 1477 pro
663 1394 728 1478 qai.
772 1393 1000 1479 Reponendum
1022 1393 1099 1456 mihi
1122 1394 1248 1477 quidem

204 1476 337 1553 videtur,
353 1498 392 1541 aa
404 1498 494 1541 saone
508 1501 528 1542 a
542 1500 572 1542 se
593 1479 771 1557 oboriente,
787 1481 842 1564 qai
862 1489 934 1544 esset
953 1501 988 1544 sa
1017 1479 1116 1556 'entia
1131 1479 1248 1544 macen

202 1561 282 1626 disse
296 1584 330 1626 se
343 1563 387 1627 ed
400 1564 606 1647 quarasdum.
650 1563 866 1630 Conferendus
887 1565 971 1630 enim
1004 1586 1127 1628 renaeus
1145 1565 1179 1628 in
1193 1565 1247 1630 lib.

204 1648 306 1733 primo
329 1649 425 1713 Ades.
449 1649 586 1714 Hoerases
607 1672 697 1735 oapp.
721 1669 771 1734 23.
793 1657 828 1715 et
848 1669 899 1730 24.
921 1651 961 1714 de
982 1650 1119 1728 Simone,
1145 1651 1247 1750 deque

203 1734 352 1799 exiliente
381 1757 421 1798 ex
447 1757 485 1800 eo
508 1736 611 1836 prima
635 1735 752 1800 mentis
780 1737 848 1820 ejus
872 1737 1087 1821 oonoeptione.
1131 1736 1248 1800 Junrus

204 1841 278 1884 vero
292 1820 326 1884 in
340 1821 426 1886 notis
440 1821 518 1886 oster
533 1823 609 1886 edit.
623 1822 761 1888 Frenek.
772 1822 906 1906 edjeetis
921 1823 1088 1908 tegendum
1102 1822 1247 1906 eonjeoit,

202 1905 249 1970 ad
275 1907 438 1972 daesnoaem
464 1929 562 1972 mesen
590 1917 750 1985 emmam,
776 1909 830 1992 qui
853 1917 927 1972 estet
950 1909 1104 1993 snpientia
1132 1907 1248 1972 Mosa

203 1991 282 2056 disse
309 2014 339 2056 se
362 1993 567 2078 quarendum.
613 1993 732 2057 Loenm
758 2000 867 2058 autem
890 1994 934 2058 sie
961 1994 1154 2058 constituere
1179 1993 1247 2058 vult

204 2077 372 2164 Rigattius.
417 2080 475 2144 Ad
497 2102 562 2144 oses
585 2078 759 2144 adamantes
782 2102 821 2157 se,
843 2080 897 2166 qui
922 2089 992 2144 esset
1012 2079 1175 2164 snpientia,
1197 2079 1248 2142 de-

201 2165 349 2228 scendisse
362 2166 567 2250 quarerdma.
614 2166 758 2252 Denique
774 2165 932 2231 Semlerus
947 2167 1003 2244 ait,
1020 2187 1054 2230 se
1068 2187 1108 2230 ex
1124 2165 1247 2230 Irenaeo

203 2249 256 2314 lib.
274 2249 338 2314 111.
361 2273 473 2316 ausum
494 2252 639 2329 seribere,
666 2253 723 2316 Ad
744 2273 878 2316 ameum
902 2273 932 2316 se
955 2251 1154 2330 meramors,
1176 2273 1248 2338 quoe

202 2345 274 2401 esset
300 2338 463 2421 sapientie,
492 2338 674 2403 &amedaeo
703 2339 908 2425 quarasdam.
963 2338 1056 2420 Quod
1085 2339 1127 2402 ed
1155 2360 1247 2402 voees

202 2423 322 2488 attinet
351 2424 451 2508 Apud
476 2425 603 2488 Jadaeos
633 2426 688 2488 &a
723 2447 787 2502 ees,
823 2431 919 2510 prout
952 2433 1064 2510 postes
1100 2424 1247 2490 distinxit

203 2509 236 2572 in
259 2508 530 2574 Annotationibus
553 2509 618 2573 suis
640 2509 680 2573 Ri
733 2511 807 2588 tius,
823 2510 972 2595 eonjunxi
994 2532 1066 2576 oum
1089 2510 1246 2594 sequenti·

203 2594 272 2658 bus.
318 2595 403 2659 Vide
424 2596 516 2673 enim,
533 2617 603 2680 quae
624 2596 665 2660 de
709 2597 819 2662 asilide
840 2595 935 2682 paulo
954 2597 1038 2662 infra
1059 2597 1150 2661 etde
1170 2596 1246 2662 Oar-

204 2687 335 2764 poorate
350 2703 419 2767 eap.
435 2703 466 2761 4.
482 2682 602 2746 seribat
615 2689 736 2748 auotor.

248 2766 330 2830 Ibid.
346 2766 367 2830 l.
382 2785 432 2852 23.
447 2789 481 2831 se
496 2769 529 2832 in
543 2767 766 2854 phantasmate
781 2769 842 2833 Dei
857 2791 921 2834 non
935 2772 1076 2855 passum]
1093 2768 1247 2834 Fortasse

204 2853 304 2916 Deam
327 2854 552 2954 reponendum,
579 2876 650 2918 eum
673 2855 734 2920 hoo
758 2855 1063 2954 interpretamento;
1088 2857 1128 2919 Se
1152 2855 1247 2919 modo

203 2937 400 3024 imaginario,
429 2939 478 3003 vet
514 2941 668 3024 putativo,
698 2947 736 3005 ut
767 2940 908 3025 loqurtnr
935 2939 1159 3018 Tertullianus,
1189 2961 1248 3004 soa

198 3045 335 3110 possam,
349 3025 403 3090 ssd
414 3047 473 3089 esse
487 3026 576 3111 quasi
582 3047 720 3110 possam,
736 3026 824 3090 Deus
838 3047 909 3090 eum
923 3025 1028 3090 tuerit.

249 3110 287 3174 P.
303 3114 371 3176 162.
387 3111 409 3174 l.
424 3132 455 3195 5.
478 3110 607 3198 angelos
632 3111 795 3176 inferiores
816 3112 969 3175 mundum
990 3111 1114 3196 teeisse]
1133 3110 1247 3176 Posuit

204 3197 237 3260 in
252 3196 329 3261 edit.
346 3219 405 3262 sua
418 3219 477 3282 pro
492 3197 590 3264 veteri
605 3197 763 3283 seriptnra
777 3198 954 3282 inferiorem
968 3196 1136 3282 Rigaltius.
1168 3197 1248 3262 oum

205 3305 279 3347 vero
301 3291 413 3368 postea
434 3284 467 3347 in
489 3305 559 3369 esp.
581 3303 613 3370 3.
634 3284 753 3370 onyebs
774 3283 939 3348 inferiores
962 3282 1109 3346 bominem
1120 3282 1249 3366 ,Μαι

203 3369 325 3434 seribat
353 3369 405 3434 hio
433 3377 555 3448 auotor,
579 3369 746 3435 tentionem
775 3369 910 3434 alteram
938 3368 1092 3434 revoeavi.
1136 3367 1248 3432 Habes

204 3455 297 3532 intra,
327 3455 361 3519 ia
394 3455 512 3520 animis
538 3457 661 3542 quidem
695 3457 819 3542 nepetae,
848 3465 877 3520 et
911 3457 966 3540 qai
1000 3454 1080 3518 densa
1105 3456 1249 3539 facessent

203 3541 374 3614 masadam
398 3549 495 3627 atque
521 3542 612 3608 initio
633 3565 703 3628 esp.
725 3564 755 3622 4.
777 3541 896 3627 nepotes
916 3550 1005 3626 amase
1026 3540 1161 3618 simma,
1177 3561 1249 3624 quos

203 3627 350 3694 demens
370 3629 453 3714 leupo
475 3651 495 3692 a
513 3628 727 3714 superioribus
741 3628 911 3692 virtutibus
932 3626 1079 3690 mamma
1100 3626 1192 3690 atam
1213 3627 1249 3690 ia

204 3712 403 3798 inserta-idus
417 3713 563 3800 partitas
583 3715 751 3780 madidatae
771 3714 858 3778 dioit.
904 3712 1059 3777 Attamen
1079 3711 1112 3775 in
1131 3733 1200 3796 esp.
1218 3731 1248 3794 7.

206 3800 326 3866 mentio
340 3802 427 3865 faeta
440 3809 491 3865 est
505 3801 614 3865 mundi
629 3800 798 3952 superioris
817 3807 914 3884 atque
933 3797 1099 3863 inferioris.
1144 3797 1249 3883 Supra

205 3885 322 3950 Junius
344 3887 479 3971 eonjeoit
505 3886 660 3950 emendae
684 3909 746 3964 um,
773 3884 955 3950 insumatis
981 3885 1046 3948 iltis
1071 3893 1099 3948 et
1120 3883 1250 3967 iafhse’tis

200 3971 353 4056 pertidus,
370 3995 438 4058 pro,
454 3973 489 4036 in
509 3974 634 4037 samnis
654 3983 683 4038 et
701 3973 766 4038 itte
783 3971 923 4054 iafhsitis,
940 3971 996 4034 sed
1015 3971 1150 4036 sortasse
1172 3967 1250 4032 nihil

207 4059 395 4123 mutandum
410 4066 470 4124 est.

251 4143 333 4208 Ibid.
348 4145 368 4209 l.
385 4163 415 4227 7.
430 4145 472 4208 ed
487 4144 723 4210 similitudinem
745 4141 826 4206 illius
848 4141 974 4206 luminis
1007 4141 1088 4206 Post
1106 4140 1250 4205 similita-

205 4229 309 4294 dieem
336 4229 526 4316 interposuit
551 4231 610 4296 hss
635 4251 728 4296 voees
753 4226 920 4314 Rigaltius,
950 4227 964 4289 i
1009 4249 1040 4290 m
1067 4228 1252 4313 superiorem

199 4325 337 4400 proper,
363 4337 443 4401 quas
472 4316 609 4401 quidem,
637 4323 673 4382 ut
696 4312 966 4463 exfsequentibus
996 4335 1163 4400 perperam
1191 4313 1252 4376 hue

713 4425 730 4463 F
