3326 5200
315 465 368 528 IN
392 463 734 530 TERTULLIANI
758 463 822 528 DE
846 465 1110 531 ORATIONE.
1190 467 1254 534 175

211 639 291 718 1776
314 636 347 700 in
369 657 433 720 qua
455 636 582 721 quidem
597 636 735 702 varietas
751 635 895 702 leetionis
918 656 1070 722 perquam
1089 635 1212 702 utiliter
1233 660 1254 701 a

206 721 281 786 viris
304 721 343 785 el.
368 721 510 786 Semlero
534 731 569 788 et
595 722 753 800 Sohutzio,
784 723 845 788 etsi
874 721 978 785 minus
1007 729 1165 800 aoourate,
1194 745 1254 788 neo

206 807 284 872 satis
298 807 399 893 plene,
415 807 574 873 adnotata
587 816 647 874 est.
693 809 788 873 Oerte
803 807 925 874 utiliter
943 807 1070 891 adjeota
1092 814 1150 886 est,
1167 809 1252 872 haud

206 914 279 958 raro
294 893 378 958 enim
392 893 439 967 fit,
456 902 493 958 ut
506 895 593 994 apud
608 894 837 959 Tertullianum
852 893 974 958 aditum
988 916 1064 958 vera
1078 894 1146 978 ejus
1156 895 1254 958 verba

205 979 309 1043 adhue
346 979 496 1044 uaerenda
510 987 585 1045 sint.
629 980 754 1066 Quippe
771 1002 844 1044 oum
859 979 1026 1065 Rigaltius,
1043 981 1133 1064 eujus
1154 979 1253 1044 editio

204 1086 317 1129 norma
324 1002 392 1129 luit
406 1073 440 1130 et
455 1066 564 1152 regula
601 1066 800 1150 lerarumque
815 1074 891 1152 post
904 1066 1127 1151 prodeuntium
1142 1065 1253 1130 editio-

206 1169 290 1228 num,
307 1151 450 1235 quamvis
464 1173 556 1216 verus
578 1089 766 1216 lanuuium
790 1152 964 1237 sospitator
991 1151 1018 1216 is
1040 1159 1128 1215 reete
1149 1151 1253 1251 possit

206 1235 276 1312 diei,
300 1257 516 1323 saepenumero
538 1238 605 1302 sine
628 1237 752 1302 sontiea
777 1259 874 1302 eausa
894 1237 1062 1322 pristinam
1084 1237 1252 1301 leotronem

205 1320 386 1386 eliminavit.
442 1324 646 1411 Quapropter
671 1323 839 1409 diligenter
867 1323 1047 1388 excutiendi
1076 1329 1151 1387 sunt
1180 1323 1252 1387 libri

206 1407 292 1484 editi,
305 1415 342 1472 ut
352 1431 427 1472 vera
440 1410 544 1488 leetio,
557 1411 662 1494 quoad
676 1412 744 1494 ejus
758 1410 826 1474 fleri
841 1410 951 1495 possit,
968 1410 1094 1476 demum
1110 1415 1252 1473 eruatur.
1384 1439 1390 1445 ·

206 1491 297 1574 Quod
321 1494 468 1558 nimirum
494 1517 553 1581 ego
578 1497 700 1561 effioere
722 1503 856 1560 oonatus
876 1517 955 1572 sum,
972 1495 1047 1558 dum
1062 1495 1142 1560 duos
1157 1494 1251 1559 hosoe

204 1577 325 1643 libellos
354 1602 430 1644 sane
459 1603 533 1666 egre
556 1582 602 1646 'os
631 1583 700 1646 edo.
760 1582 854 1647 certo
882 1581 915 1644 id
951 1587 1135 1646 ostensurus
1170 1603 1249 1658 sum,

205 1664 352 1750 expulsas
374 1666 469 1731 luisse
493 1689 513 1731 a
569 1668 687 1754 igaltio,
715 1668 770 1732 sed
794 1675 828 1731 et
852 1673 928 1731 ante
954 1688 1035 1743 eum,
1055 1688 1076 1730 a
1099 1666 1250 1744 Pamelio,

204 1749 357 1836 plurimas
371 1753 579 1817 vetustiorum
594 1754 767 1818 editionum
782 1752 942 1830 leotiones,
958 1759 1015 1817 aut
1029 1773 1129 1828 veras,
1145 1760 1203 1816 aut
1218 1752 1251 1816 in

205 1836 319 1920 quibus
340 1838 453 1902 saltem
475 1846 624 1904 extarent
638 1861 720 1903 verae
739 1839 884 1903 lectionis
897 1838 1040 1923 vestigia,
1057 1845 1094 1902 ut
1109 1859 1198 1902 novae
1212 1860 1251 1902 ao

204 1921 292 1986 salsae
307 1924 526 1988 subderentur.
571 1925 728 1989 Attamen
749 1925 793 1987 nil
813 1925 1022 1989 dubitandum
1043 1931 1102 2000 est,
1119 1923 1195 2007 quin
1217 1922 1249 1986 in

204 2006 281 2157 pppis
296 2009 728 2160 epdioqlpppsrqqppsoriptisp
744 2010 885 2074 Pamelio
900 2009 1094 2158 etlfflgastio·
1103 2009 1251 2158 adduotkip

249 2115 325 2158 raru
351 2116 382 2159 m
554 2118 642 2160 iones
663 2119 700 2160 ve
734 2117 873 2170 maneas,
897 2117 933 2159 ve
970 2118 990 2158 o
1013 2117 1168 2159 sounores
1190 2117 1250 2158 s11

205 2179 288 2242 visas
310 2181 475 2266 corrigere,
490 2181 555 2246 inro
577 2203 786 2267 eorrumpere,
807 2182 876 2246 ausi
899 2188 1014 2245 essent.
1064 2181 1251 2265 Ubicunque

205 2286 279 2328 vero
308 2265 438 2352 Rigaltii
468 2267 562 2332 leetio
591 2291 612 2332 a
637 2289 688 2331 me
711 2269 759 2332 vel
789 2267 966 2353 repudiata,
997 2267 1046 2330 vel
1077 2267 1249 2330 immutata

203 2349 308 2430 fuerit,
320 2352 353 2415 id
367 2374 527 2452 nunquam
544 2376 607 2417 non
621 2353 690 2418 loeo
705 2376 762 2418 suo
777 2353 1037 2426 commemoravi;
1055 2353 1098 2415 ibi
1110 2353 1249 2437 quidem,

204 2437 259 2502 sed
282 2459 357 2502 raro
381 2438 466 2516 alibi,
494 2438 638 2504 leetionis
663 2440 851 2504 varietatem
876 2439 1045 2524 diligenter
1075 2438 1248 2503 exoutiens.

205 2522 220 2585 l
279 2546 318 2588 ue
333 2531 442 2588 textus
457 2546 545 2589 meus
557 2526 687 2611 Rigaltii
702 2533 762 2602 est,
779 2526 838 2590 nisi
852 2526 938 2609 quod
952 2526 1134 2609 frequenter
1149 2524 1195 2601 fit,
1213 2531 1249 2589 ut

203 2609 252 2673 vel
277 2611 360 2675 eotio
381 2610 517 2694 pristina
538 2619 688 2676 revocata
706 2634 727 2676 a
741 2612 910 2687 metuerit,
927 2617 1087 2675 autvoees
1102 2610 1250 2674 editionis

202 2695 352 2846 principis
366 2697 399 2760 in
414 2718 554 2845 praesens
568 2698 633 2763 sint
647 2699 840 2773 substitutae,
856 2719 920 2781 quo
941 2697 1059 2760 certius
1080 2704 1114 2760 et
1127 2695 1250 2760 laoilius

203 2802 277 2845 vera
335 2781 415 2847 ertul
429 2782 493 2846 iani
522 2785 688 2861 scritura,
719 2783 842 2848 oollatis
877 2783 1014 2867 posteris
1049 2782 1248 2858 editionibus,

203 2875 343 2933 ematur.
389 2867 525 2933 Utinam
540 2807 616 2932 mili
632 2870 729 2934 etiam
751 2871 857 2955 plures
874 2868 1014 2932 auctoris
1028 2868 1122 2951 hujus
1137 2867 1248 2931 editio-

203 2975 259 3017 nes
284 2962 402 3038 praesto
424 2962 539 3032 essent,
555 2957 692 3020 maxime
715 2955 923 3041 Gangneiana
944 2953 998 3016 illa
1013 2953 1145 3017 Parisiis
1164 2974 1249 3016 anno

207 3057 289 3124 1545
317 3039 402 3126 typis
427 3040 600 3124 impressa;
628 3048 665 3105 ut
689 3040 765 3105 nihil
790 3042 830 3104 de
855 3039 943 3102 libn's
968 3038 1094 3124 seriptis
1120 3037 1247 3114 addam,

203 3125 318 3207 quibus
332 3147 425 3190 nemo
439 3134 513 3212 post
528 3127 703 3212 Rigaltium
719 3128 751 3190 in
773 3127 930 3190 alterutro
944 3123 1058 3187 horum
1073 3123 1248 3186 libellorum

202 3209 325 3275 edendo
340 3235 414 3276 usus
428 3220 487 3290 est,
503 3221 537 3277 et
552 3234 685 3298 quorum
702 3212 788 3289 nulli,
800 3210 885 3295 quod
900 3209 1006 3284 seiam,
1019 3215 1137 3294 praeter
1151 3229 1248 3271 unum

203 3295 369 3383 Apologiae
385 3297 607 3364 Tertullianeae
633 3321 729 3384 penes
755 3319 804 3362 me
826 3296 976 3372 eodioem,
992 3295 1024 3358 in
1047 3302 1157 3357 nostra
1180 3293 1249 3358 Bri-

202 3383 313 3448 tannia
335 3391 514 3468 supersunt
560 3386 670 3469 Atque
692 3383 740 3449 ita
760 3405 828 3447 rem
848 3382 896 3446 vel
916 3381 991 3444 olim
1009 3380 1156 3445 habuisse
1176 3401 1248 3444 oon-

202 3475 288 3543 stat;
306 3491 380 3533 nam
392 3469 466 3533 anni
478 3492 531 3534 ma
555 3471 580 3534 's
592 3470 719 3534 dueenti
729 3476 813 3546 sunt,
824 3491 895 3532 oum
907 3466 1007 3532 simile
1020 3465 1095 3552 quid
1106 3465 1249 3530 narravit

201 3553 345 3619 Joannes
361 3555 511 3640 Lloydius
531 3493 612 3620 llovi
634 3554 756 3655 collegii
778 3555 890 3630 soeius,
913 3552 961 3616 vir
982 3552 1191 3628 doetissimus,
1215 3551 1249 3615 in

201 3641 336 3725 epistola
356 3641 399 3706 ad
423 3641 629 3706 Franoisoum
643 3641 785 3705 Jumum.
833 3639 1027 3714 Tertulliani,
1043 3637 1075 3701 in
1098 3638 1155 3714 uit,
1170 3637 1252 3701 ailil

200 3729 362 3812 quiequam
376 3737 426 3805 eat,
441 3737 497 3792 out
512 3749 606 3812 penos
626 3749 680 3804 ma,
697 3737 752 3790 out
774 3728 807 3790 iu
824 3727 881 3789 too
895 3734 1029 3788 oodroo
1132 3723 1179 3800 -io,
1195 3732 1250 3786 out

200 3814 283 3879 aliua
297 3833 422 3899 aequom
436 3835 457 3876 a
471 3835 517 3878 nio
531 3814 639 3877 mom.
666 3811 813 3898 Epi-stolae
826 3809 1090 3876 Gottoamorom
1107 3810 1250 3872 Virorum

201 3923 238 3964 oo
259 3901 383 3964 wrioiia
408 3900 455 3963 lit.
482 3901 564 3964 Joai
588 3899 719 3963 Bromii
741 3901 847 3963 Amet.
875 3914 953 3982 1715
978 3897 1047 3960 8vo.
1081 3895 1183 3979 Epist.
1207 3893 1249 3957 xi.

225 4034 231 4050 .
247 4005 301 4070 52.
347 3987 503 4050 Attamen
518 3985 634 4050 Oxonii
650 3986 809 4068 quondam
823 3983 968 4048 extitisse
984 3982 1016 4044 in
1031 3980 1161 4066 eollegio
1178 3979 1250 4043 Bel-

201 4009 321 4137 liolensi
351 4072 420 4136 eod.
448 4071 522 4136 MS.
549 4071 663 4136 saltem
690 4069 856 4156 Apologia
885 4067 1081 4142 Tertulliani,
1108 4089 1148 4130 ex
1178 4065 1249 4128 He·

200 4158 345 4224 roldiana
361 4158 433 4222 libri
454 4155 594 4241 ejusdem
618 4155 757 4222 editione
779 4162 917 4220 oonstat.
962 4153 1054 4218 Nune
1076 4173 1151 4216 vero
1175 4158 1251 4236 post

200 4244 288 4312 edite
303 4243 406 4330 prima
421 4245 487 4308 vioe
506 4243 575 4308 heae
597 4265 617 4307 a
636 4265 686 4306 me
702 4240 888 4306 Tertulliani
904 4239 1063 4324 Opuseula
1077 4237 1250 4303 editionem

201 4331 441 4418 Gangneiauam
455 4329 548 4416 longe
559 4329 753 4394 rarissimam
768 4327 904 4410 adeptus
918 4347 1010 4400 snm;
1028 4325 1054 4389 si
1070 4325 1164 4388 modo
1179 4345 1251 4390 eam

200 4414 403 4483 adonraverit
425 4415 476 4480 ille
498 4415 690 4500 Gangneius,
707 4414 796 4496 eujus
817 4411 945 4497 quidem
965 4410 1117 4476 benefioio
1138 4429 1250 4474 novem
