3294 5192
406 489 472 552 404
762 487 1142 552 ANNOTATIONES

408 657 583 744 explicatos
604 679 673 723 esse
694 677 831 722 canonas
850 657 945 742 hujus
966 657 1078 744 synodi
1099 658 1246 742 quintum
1263 664 1297 722 et
1319 665 1456 735 sextum,

409 743 478 808 haec
500 743 652 829 praclare
672 743 809 808 scribere
830 743 945 842 pergit,
969 743 1081 808 “Cum
1098 744 1375 842 jubente-canone
1396 743 1458 808 hoc

411 836 430 866 “
445 829 566 913 quinto,
581 830 737 928 asynodo
750 827 934 929 previuciali
947 849 1145 928 unaquaeque
1163 829 1326 928 provincia
1340 829 1457 892 debeat

410 912 1457 1084 11tiridatiItttltttttttlffltitss

410 1091 431 1144 *ἒ
445 1085 564 1148 siarum
579 1085 701 1148 definiri
717 1084 866 1149 debent.''
903 1084 957 1149 Ita
974 1084 1149 1150 Richerius.
1187 1085 1233 1148 Et
1250 1085 1294 1148 ad
1311 1106 1363 1148 res
1381 1083 1456 1148 fidei

408 1169 597 1255 pertinuisse
618 1170 767 1234 videntur
788 1191 897 1234 omnes
918 1170 986 1234 iore
1005 1169 1235 1256 appellationes
1258 1170 1302 1233 ed
1327 1176 1457 1233 exteras

408 1254 564 1333 ecclesias,
578 1276 648 1339 quae
660 1262 736 1319 ante
746 1255 901 1340 synodum
911 1254 1074 1319 Nicaenam
1085 1254 1255 1339 contigisse
1265 1253 1456 1319 reseruntur.

408 1340 568 1405 Oaeterum
583 1340 757 1404 consimilia
777 1341 924 1423 quaedam
943 1341 984 1404 de
1002 1339 1256 1426 metropolitanis
1277 1344 1374 1424 atque
1391 1339 1457 1424 epi·

408 1426 511 1511 scopis
525 1425 661 1490 subditis
674 1425 772 1489 habet
787 1426 898 1491 Oanon
912 1425 1106 1491 Antiocheni
1121 1425 1251 1490 Concilii
1267 1425 1371 1489 XIX.

812 1575 965 1643 OANON
988 1575 1049 1640 VI.

452 1678 491 1744 P.
503 1697 578 1765 374.
595 1679 616 1744 l.
631 1699 661 1744 2.
683 1683 732 1744 Ta
752 1681 864 1762 ἀρχαῖα
885 1679 938 1759 ἔθη
958 1679 1107 1760 κρατείτω,
1130 1683 1168 1743 τὸ
1190 1681 1225 1744 ἔτι
1247 1681 1386 1764 Αἰγύπτῳ
1407 1680 1457 1744 καὶ

408 1768 507 1845 Λιβύῃ
522 1766 570 1829 καὶ
584 1765 784 1838 Πενταπόλει,
801 1765 879 1828 ὥστε
889 1763 1045 1914 ὅταὲΡτο
1056 1763 1107 1828 his
1118 1764 1222 1828 verbis
1233 1764 1455 1844 Paschasinus,

408 1851 547 1935 episcopi
562 1850 699 1914 Romani
709 1850 842 1934 legatus,
851 1850 938 1934 apud
976 1848 1126 1913 oncilium
1136 1849 1457 1914 Chalcedonenseex·

408 1936 530 2021 emplar
544 1935 673 2000 canonis
693 1933 787 2018 hujus
808 1933 926 1999 obtulit
945 1934 1009 1999 ista
1028 1935 1234 2012 substituens,
1254 1933 1296 1998 Ἥ
1312 1937 1458 2015 ἐκκλησία

407 2019 521 2101 Ῥώμης
544 2020 673 2084 πάντοτε
699 2020 774 2102 ἔσχε
794 2024 833 2084 τὸ
853 2025 992 2100 πρωτεῖα·
1016 2020 1081 2102 ἔχει
1102 2025 1260 2102 τοιγαροῦν
1283 2021 1331 2084 καὶ
1357 2021 1376 2099 ἡ
1399 2023 1455 2084 Al·

407 2108 528 2188 yunroa
544 2103 623 2170 ὥστε
639 2107 695 2170 &c
711 2106 788 2170 Act.
804 2105 866 2169 xvi.
885 2125 912 2169 1.
957 2105 1022 2170 Sed
1044 2107 1155 2169 eodem
1176 2113 1320 2204 tempore
1342 2105 1456 2169 recita-

407 2197 477 2255 tum
486 2199 536 2256 est
546 2213 568 2256 a
577 2191 788 2256 Constantino
797 2190 908 2276 synodi
919 2190 961 2254 ab
976 2190 1118 2275 epistolis
1133 2211 1173 2254 ex
1184 2190 1292 2254 codiee
1302 2190 1344 2253 ab
1357 2190 1456 2255 Aetio

406 2275 630 2341 archidiacono
641 2275 707 2341 ΟΡ.
722 2276 783 2339 sibi
798 2277 876 2340 dato
890 2275 977 2340 aliud
997 2275 1159 2361 exemplar
1172 2275 1217 2340 sic
1232 2275 1392 2359 incipiens,
1408 2279 1455 2338 To

407 2362 518 2444 ἀρχαῖα
533 2363 585 2440 ἔθη
602 2363 750 2442 κρατείτω,
766 2363 804 2424 τὰ
823 2364 857 2425 ἐν
877 2363 1025 2445 Αἰγύπτῳ,
1042 2359 1227 2425 ‹tore-sed
1244 2361 1311 2424 sine
1325 2360 1456 2424 vocibus

408 2448 456 2510 καὶ
470 2449 568 2525 Λιβύῃ
588 2447 637 2509 καὶ
658 2447 858 2510 [iterandis.
896 2446 942 2510 Et
957 2453 976 2482 “
990 2445 1276 2531 quandoquidem,”
1295 2445 1343 2510 ait
1357 2445 1455 2510 Bere

406 2531 513 2615 regius
527 2531 570 2594 ad
584 2531 668 2594 hunc
683 2552 836 2594 canonem
849 2537 1016 2608 annotans,
1034 2540 1053 2568 ‘⁴
1065 2553 1123 2595 nec
1137 2531 1193 2594 ulli
1203 2531 1327 2594 codices
1339 2530 1453 2609 Graeci,

408 2621 428 2652 “
443 2636 500 2679 nec
526 2615 699 2698 Gregorius
721 2614 823 2679 XIII.
845 2615 879 2678 in
903 2616 1120 2700 recognitione
1142 2617 1280 2693 Decreti,
1303 2637 1362 2680 nec
1383 2615 1455 2680 aliae

407 2706 427 2736 “
443 2721 638 2785 quaecunque
652 2700 810 2764 versiones
824 2701 892 2764 haec
907 2702 1005 2765 verba
1019 2707 1205 2786 agnoscunt,
1221 2723 1260 2765 ac
1279 2702 1346 2786 ipse
1361 2722 1455 2765 cano-

408 2791 427 2822 “
442 2785 492 2849 nis
506 2807 616 2850 sensus
631 2785 793 2850 obscurior
806 2785 893 2853 iiset
908 2787 1125 2871 perturbatior
1138 2787 1301 2864 reddetur,
1314 2807 1454 2851 commu·

408 2878 428 2907 “
443 2871 492 2935 nis
511 2871 598 2935 haud
617 2871 711 2936 dubie
730 2871 824 2935 lectio
844 2872 1050 2956 praeferenda,
1066 2893 1167 2956 eaque
1186 2871 1283 2936 verba
1300 2870 1455 2955 (Pascha-

408 2963 427 2996 “
443 2956 517 3038 sini)
534 2963 688 3042 tanquam
702 2957 810 3042 spuria
823 2979 862 3020 ao
877 2957 1061 3042 surreptitia
1075 2957 1117 3021 ab
1129 2957 1274 3021 omnibus
1284 2957 1456 3040 rejicienda

408 3049 428 3080 ‘⁶
444 3049 528 3116 sunt,
542 3065 600 3106 nec
610 3043 695 3106 inter
705 3042 809 3107 varias
820 3041 914 3126 hujus
925 3042 1054 3106 canonis
1066 3043 1224 3107 versiones
1233 3041 1455 3106 recensenda.''

407 3127 489 3192 Haeo
508 3127 628 3192 Bevere
651 3129 707 3192 'us
752 3128 815 3192 Sed
835 3135 991 3192 memorat
1010 3128 1077 3213 ipse
1092 3128 1229 3212 priscam
1249 3127 1335 3192 illam
1351 3125 1455 3192 Versi-

406 3235 500 3278 onem
514 3214 599 3298 apud
643 3211 800 3290 ustellum,
816 3234 912 3297 quam
931 3221 1037 3277 ortum
1058 3213 1183 3278 dedisse
1197 3212 1301 3277 verbis
1316 3212 1455 3277 Pascha·

406 3297 467 3364 sini
482 3306 609 3372 conset3
634 3321 705 3383 quae
726 3298 850 3362 interea
870 3297 970 3363 libera
991 3305 1119 3363 tantum
1141 3297 1311 3384 explicatio
1334 3297 1455 3382 recepti

407 3383 537 3448 canonis
551 3384 628 3447 mibi
648 3383 782 3448 videtur.
829 3384 1120 3448 verumenimvero
1140 3383 1173 3447 in
1192 3383 1336 3468 plurimis
1350 3403 1455 3448 exem·

406 3468 548 3555 pluribus
570 3467 771 3534 Oollectionis
792 3468 958 3533 Oanonum
980 3469 1178 3547 Latinorum,
1193 3489 1215 3534 a
1234 3468 1403 3550 Quesnello
1421 3468 1456 3532 in

407 3557 462 3638 Ap
485 3554 595 3618 andice
616 3554 658 3617 ad
681 3553 714 3618 S.
731 3553 846 3618 Leonis
869 3555 916 3616 M.
929 3554 1035 3641 Opera
1056 3553 1193 3640 primum
1214 3555 1320 3632 editae,
1343 3553 1456 3618 iisdem

406 3577 511 3704 verbis
525 3640 609 3704 hunc
623 3660 776 3704 canonem
791 3639 933 3724 exprimi,
950 3640 1064 3725 quibus
1079 3645 1129 3704 est
1143 3660 1219 3703 usus
1231 3639 1454 3717 Paschasinus,

407 3725 616 3790 ostenderunt
637 3725 752 3789 tratres
774 3725 923 3788 Ballerini
945 3726 978 3789 in
1001 3725 1095 3790 Notis
1116 3725 1158 3789 ad
1180 3725 1314 3789 eandem
1337 3723 1456 3790 Colloc-

406 3811 528 3875 tionem
565 3833 585 3874 a
610 3829 682 3894 .5a.
698 3810 758 3874 vol.
771 3810 835 3874 ΙΙΙ.
851 3810 928 3875 edit.
943 3832 1033 3875 novae
1051 3811 1107 3896 cp.
1125 3813 1158 3874 S.
1174 3811 1292 3874 Lenis.
1326 3809 1457 3873 Interea

406 3895 441 3960 iu
455 3896 515 3960 bac
557 3832 869 3960 olIeetionecanones
878 3895 1246 3979 Sardicensesquibusa
1290 3895 1456 3959 allationes

407 3983 449 4046 ad
472 3982 580 4047 sedem
605 3981 783 4045 Romanam
809 3981 1041 4060 sauciabantur,
1069 3981 1229 4064 conjuncti
1284 3980 1391 4044 icaenis
1412 3978 1455 4043 le·

406 4067 815 4218 {tltittttttt
829 4065 1456 4217 ttrttttttttssmtittt

408 4237 486 4302 riuis
515 4176 632 4302 ibilem
659 4238 755 4316 edita,
782 4172 905 4337 ilipqua
929 4238 1040 4302 itidem
1065 4235 1133 4301 sinc
1157 4236 1222 4302 ulla
1250 4236 1456 4302 distinctione

408 4343 545 4388 canones
569 4323 603 4386 hi
629 4322 767 4387 Nicaenis
792 4323 926 4408 subjecti
951 4330 1036 4402 sunt,
1062 4323 1174 4387 eadem
1199 4322 1296 4386 verba
1319 4326 1454 4396 extant3

408 4428 479 4490 quea
493 4415 611 4486 tamen,
626 4429 698 4475 mea
718 4407 845 4493 quidem
865 4408 1032 4490 sententia,
1048 4414 1176 4474 tantum
1195 4405 1383 4493 significant,
1403 4427 1455 4470 eo·
