3310 5224
410 477 605 544 CONTRA
630 475 865 546 HAERESIM
889 477 1052 547 NOETI.
1214 478 1257 546 68

210 649 356 754 Πατέρα
383 657 518 753 γνῶναι
540 651 646 758 δύνῃ.
684 651 744 732 διό
771 651 844 758 γιίρ
875 657 940 754 τῆς
971 651 1104 736 εἰκόνος
1132 654 1256 751 ὁμοίας

207 776 457 881 τυγχανούσης
475 782 678 881 εύγνωστος
696 781 716 860 ό
736 779 866 885 Πατὴρ
883 782 1030 884 γίνεται.
1075 786 1121 860 Εἰ
1134 778 1173 866 δὲ
1190 777 1256 880 τὴν

207 900 334 1002 εἰκόνα,
354 905 429 1004 ἥτις
448 905 548 986 ἔστιν
567 909 587 988 ό
609 905 692 1006 οἰός,
711 910 775 988 οῦκ
797 907 922 1010 ἔγνως,
942 914 1020 991 πῶς
1038 910 1123 987 ἰδεῖν
1142 905 1256 992 θέλεις

207 1029 271 1111 τὸν
290 1033 437 1137 Πατέρα
451 1067 461 1132 ;
488 1031 577 1115 Ὅτι
594 1035 691 1115 ταῦτ’
707 1037 819 1120 οὕτως
837 1036 918 1142 ἔχει,
929 1033 976 1115 τοί
989 1035 1188 1135 ἐπικείμενα
1204 1039 1257 1142 τῷ

179 1160 393 1268 5κεφοιλαίιρ
412 1163 471 1240 καὶ
493 1163 705 1263 ὑποκείμενα
729 1164 890 1263 ἀπολύει,
910 1164 989 1270 (for.
1015 1161 1168 1264 ἐπιλύει)
1191 1163 1256 1244 τὸν

206 1286 436 1390 προκείμενον
449 1286 525 1369 οἰδν
538 1289 813 1390 ἀπεσταλμένον
825 1289 924 1396 παρὰ
937 1291 1081 1395 Πατρός
1095 1293 1155 1371 καί
1164 1290 1256 1395 πρὸς

206 1413 344 1518 πατέρα
359 1414 597 1518 πορευόμενον
616 1418 852 1518 σημαίνονται
872 1420 953 1526 (cor.
972 1419 1233 1526 σημαίνοντα).

262 1540 306 1642 η’.
343 1540 477 1622 Πολλοί
504 1541 542 1623 δέ
567 1546 625 1624 καί
650 1545 760 1648 ἕτερα,
779 1551 924 1645 μᾶλλον
949 1544 987 1626 δὲ
1011 1544 1132 1627 πάντα
1155 1549 1256 1626 ε’στίν

206 1677 455 1772 μαρτυροῦντα
471 1676 516 1775 τῇ
535 1672 699 1778 ἀληθείᾳ.
746 1671 930 1774 Ἀνάγκην
948 1673 1012 1754 οῦν
1032 1673 1105 1778 ἔχει
1127 1675 1185 1754 καί
1202 1672 1254 1773 μὴ

161 1797 324 1876 ῐθθέλων
355 1797 546 1899 ὁμολογεῖν
577 1799 715 1903 πατέρα
751 1796 848 1879 Θεὸν
882 1798 1163 1904 παντοκράτορσ,
1196 1802 1255 1880 καί

206 1921 371 2028 Χριστόν
398 1923 544 2024 Ἰησοῦν
571 1924 647 2006 νίόν
679 1931 776 2007 Θεοῦ
802 1925 897 2008 θεὸν
926 1927 1117 2032 ἄνθρωπον
1147 1923 1250 2029 γενό·

206 2084 324 2148 μενον,
343 2047 372 2160 ᾧ
393 2049 513 2131 πάντα
537 2051 658 2158 πατὴρ
683 2054 836 2162 ῦπέτοξε
858 2053 1034 2158 παρεκτὸς
1051 2055 1177 2134 ἑαυτοῦ
1196 2056 1254 2133 καί

208 2177 416 2278 Πνεύματος
444 2181 557 2281 ἁγίου,
591 2186 649 2261 καὶ
680 2182 827 2267 τούτους
857 2180 945 2262 εἰναι
977 2179 1089 2266 οὕτως
1124 2183 1253 2283 (legebat

206 2305 317 2392 ὅντως
336 2316 514 2416 Turrianus)
533 2311 626 2415 τρία.
664 2317 709 2391 Εἰ
727 2310 767 2390 δέ
784 2310 955 2408 βούλεται
972 2314 1099 2410 μαθεῖν
1111 2316 1190 2394 πιῦς
1205 2309 1254 2395 εἰς

162 2463 195 2524 15
207 2433 300 2520 Θεὸς
323 2438 580 2536 ἀποδείκνιπαι,
605 2438 810 2539 γινωσκέτω
828 2437 884 2518 ότι
908 2438 973 2537 μία
1001 2434 1149 2538 δύναμις
1167 2437 1250 2519 τού·

206 2596 279 2660 του,
299 2567 357 2642 καί
382 2563 473 2644 ὅσον
496 2563 562 2664 μὲν
587 2563 679 2646 κατὰ
702 2565 769 2666 τὴν
793 2564 952 2666 δύναμιν,
978 2563 1027 2650 εἰς
1043 2569 1131 2648 εὀτιι
1149 2565 1253 2664 θεὸς,

209 2689 299 2770 ὅσον
326 2689 365 2770 δὲ
383 2691 475 2771 κατὰ
499 2690 566 2792 τὴν
587 2693 804 2793 οἰκονομίαν,
824 2690 948 2798 τριχὴς
969 2692 1044 2792 (ως.
1063 2695 1210 2798 τριχῶς)
1231 2694 1254 2794 ἡ

205 2817 382 2925 ἐπίδειξις,
414 2822 463 2903 ὡς
496 2815 649 2923 ὕστερον
681 2818 981 2926 ἀποδειχθήσεται
1011 2817 1254 2900 ἀποδιδόντων

205 2945 307 3043 ἡμῶν
324 2948 405 3049 περὶ
423 2947 592 3046 ἀληθείας
609 2945 736 3050 λόγον.
771 2953 899 3027 Ταῦτα
914 2942 981 3045 μέν
998 2945 1072 3043 οὖν,
1089 2948 1253 3052 ἀδελφοὶ,

206 3159 334 3198 noscere.
377 3139 432 3198 Per
453 3139 608 3218 imaginem
630 3141 708 3199 enim
749 3140 828 3200 omni
868 3149 990 3206 tentem,
999 3149 1030 3198 et
1041 3139 1191 3199 Christum
1202 3139 1253 3199 Je-

206 3239 271 3298 quae
300 3219 402 3278 similis
425 3229 480 3287 est,
501 3230 599 3299 potest
623 3221 709 3281 facile
750 3239 814 3280 sum
854 3219 936 3278 ilium
948 3219 1016 3287 Dei,
1029 3219 1126 3279 Deum
1142 3221 1251 3279 factum

208 3300 297 3359 Pater
310 3299 453 3378 cognosci.
485 3300 539 3359 sin
553 3320 623 3359 vero
637 3300 708 3360 ima·
749 3300 906 3366 hominem,
919 3300 966 3358 eui
975 3301 1072 3359 omnis
1087 3301 1174 3359 Pater
1183 3301 1252 3360 sub·

205 3381 314 3457 ginem,
324 3399 389 3457 quoe
400 3391 444 3440 est
457 3380 560 3448 Filius,
571 3401 630 3439 non
641 3402 709 3460 cog.
747 3380 819 3458 jecit
848 3390 953 3460 praetsr
981 3401 1021 3448 se,
1049 3392 1079 3439 et
1108 3380 1252 3460 Spiritum

205 3461 323 3529 novisti,
350 3460 497 3538 quomodo
524 3462 569 3520 vis
593 3461 708 3521 Patrem
751 3461 902 3529 Sanctum,
916 3471 947 3520 et
961 3460 1014 3519 hos
1027 3480 1090 3520 esse
1104 3479 1169 3518 vere
1183 3472 1252 3518 tres.

206 3540 327 3600 videre?
356 3539 447 3612 Quod
466 3551 565 3601 autem
584 3541 646 3600 haee
667 3542 709 3601 its
750 3540 878 3614 Quodsi
895 3540 958 3600 vult
971 3541 1044 3600 scire
1057 3539 1204 3618 quomodo
1218 3560 1253 3599 u-

205 3621 275 3689 ιιίοι,
293 3639 358 3698 ηιιιο
372 3621 403 3678 iu
416 3621 481 3700 ipso
491 3621 587 3700 eapite
597 3622 709 3699 adjecta
750 3642 805 3681 nus
827 3621 910 3681 Deus
934 3621 1159 3691 demonstratur,
1180 3621 1252 3680 sciat

205 3711 236 3760 et
247 3701 377 3779 subjecta
387 3711 466 3771 sunt,
477 3701 634 3782 explicant,
643 3720 708 3779 ηοω
749 3720 836 3760 unam
848 3721 910 3760 esse
923 3701 1062 3760 virtutem
1076 3701 1138 3760 sive
1148 3711 1252 3782 poten·

205 3781 381 3860 significant,
394 3781 503 3840 Filium
509 3782 709 3861 propositum
749 3783 819 3840 tiam
834 3781 940 3859 hujus:
957 3791 987 3841 st
996 3791 1137 3859 quantum
1149 3779 1186 3840 sd
1194 3780 1252 3838 vir·

205 3861 322 3920 missum
350 3883 410 3921 εςςι
433 3883 452 3921 α
476 3859 592 3921 Ραιτεῑ)
614 3872 645 3921 et
669 3863 709 3921 ad
750 3873 844 3922 tutem
858 3864 997 3941 pertinet,
1007 3880 1084 3920 unus
1094 3871 1139 3918 est
1150 3860 1251 3927 Deus;

206 3943 326 4000 Patrem
336 3945 380 4000 ἰτο
388 3953 411 4002 ⁰.
749 3953 891 4020 quantum
920 3962 989 4001 vero
1024 3941 1061 3999 ad
1096 3941 1252 4000 incarnati-

246 4021 339 4082 vl11.
354 4022 455 4082 Mults
468 4023 535 4090 slis,
547 4022 636 4081 immo
646 4043 708 4080 om·
749 4041 833 4080 onem
848 4023 986 4100 pertinet,
996 4021 1083 4080 tertia
1094 4030 1139 4080 est
1152 4033 1252 4081 osten·

203 4102 254 4162 nia
267 4102 336 4162 huic
349 4103 466 4162 veritati
482 4101 709 4182 adstipulantur.
749 4103 793 4160 sio
802 4124 812 4172 ς
834 4113 868 4161 ut
882 4101 971 4182 paulo
989 4111 1055 4180 post
1074 4102 1252 4173 docebimus,

203 4183 334 4242 Necesse
355 4203 424 4262 ergo
444 4194 500 4254 est,
520 4193 556 4242 ut
578 4183 710 4260 quamvis
749 4201 815 4242 eum
829 4182 983 4242 reddemus
997 4181 1139 4241 rationem
1153 4182 1190 4241 de
1202 4203 1252 4242 ve·

202 4262 288 4333 nolit,
300 4263 474 4323 confiteatur
483 4263 601 4324 Patrem
611 4262 709 4321 Deum
750 4263 846 4322 ritate.
862 4260 1254 4340 Haecigitur.frstres,dicts

238 4425 252 4457 ι
266 4415 336 4466 Rom,
349 4417 383 4464 iii.
396 4427 436 4478 τη.
500 4411 775 4477 hsoh.v.³o.viii.1⁶.
789 4412 879 4462 ιδάο.
944 4421 957 4452 e
970 4411 1008 4461 Id.
1020 4411 1071 4461 xiii.
1085 4426 1105 4461 ι.
1118 4412 1168 4460 xiv.
1182 4425 1218 4460 τι.
