3310 5224
417 465 461 530 30
624 519 627 526 .
758 464 1143 530 ANNOTATIONES

417 641 550 719 προσθεν
562 639 734 716 ἐκκλησίαις
745 639 777 702 in
790 637 908 724 Ignatii
920 637 1063 722 Epistohr
1073 637 1118 702 ad
1131 637 1351 723 Polycarpum,
1369 639 1400 721 §-
1413 639 1473 703 ult.

419 722 543 786 nonnisi
564 723 604 786 de
623 723 827 788 amarioribus
846 724 907 787 illis
929 723 1078 801 ecclesiis,
1095 745 1166 808 quae
1188 724 1222 786 in
1244 723 1325 788 Asia
1350 724 1476 808 Syriam

419 830 528 872 versus
542 808 704 892 jacebant,
725 810 1001 894 interpretandum
1022 809 1083 884 sit;
1109 809 1186 872 nihil
1206 809 1281 874 inde
1301 811 1476 874 eruendum

418 893 545 958 lectioni
565 896 646 974 ὑμῶν
666 897 873 960 contrarium.
919 896 1053 981 Quippe,
1077 895 1120 959 ibi
1135 895 1286 960 hortatus
1307 903 1357 960 est
1381 896 1475 981 lgna-

419 980 484 1044 tius
510 980 723 1065 Polycarpum
745 983 882 1046 scribere
904 983 946 1046 cd
967 982 1048 1046 istas
1070 981 1227 1058 ecclesias,
1253 988 1290 1045 ut
1315 981 1474 1046 nonnullae

419 1088 529 1130 earum
544 1067 673 1131 nuntios
688 1068 765 1153 ipsae
780 1069 946 1132 mitterent
961 1069 1004 1132 ad
1020 1067 1238 1144 Antiochiam,
1251 1089 1326 1131 recu
1349 1073 1474 1132 oratam

419 1090 1473 1325 nrnrumeuenere-‘lenhe:

419 1325 1117 1498 ldlttllhhlllgllllllt‘lh
1139 1325 1384 1476 tlalhlll
1403 1325 1472 1476 tl:

420 1496 587 1561 mentsoni.
634 1496 771 1576 Interea,
803 1499 880 1561 dum
911 1496 1051 1562 Wakius
1077 1461 1126 1561 in,
1140 1497 1223 1560 huno
1236 1461 1379 1560 'modum
1404 1497 1472 1561 haec

420 1582 517 1645 verba
531 1582 598 1646 inte
637 1590 761 1648 retatus
777 1591 835 1662 est,
851 1585 917 1647 Bul
932 1585 967 1667 if
973 1605 1037 1667 αιιη
1051 1605 1104 1647 oce
1119 1593 1196 1647 went
1205 1584 1293 1666 from
1307 1583 1395 1647 leuce
1410 1583 1473 1647 imo

419 1669 526 1750 Syria,
541 1669 576 1732 Ιιν
595 1604 703 1734 licum
725 1670 819 1756 bring
837 1691 917 1754 your
938 1669 1038 1733 letters
1059 1670 1132 1733 roilli
1153 1669 1225 1746 lim,
1243 1669 1340 1732 verbo
1360 1671 1470 1732 ἀποκα-

417 1757 491 1832 μίση
515 1754 685 1841 significari
712 1757 862 1821 censebat
887 1777 951 1820 non
976 1755 1221 1840 deportationem,
1249 1756 1305 1818 sed
1335 1765 1471 1840 aspona

417 1840 537 1904 ιὶοινννι.
568 1840 675 1906 Aliter
686 1864 761 1907 vero
775 1843 879 1907 locum
890 1843 1064 1927 exposuere
1076 1842 1139 1905 duo
1155 1841 1247 1905 alteri
1265 1841 1468 1925 interpretes.

419 1925 541 2006 Quibus
552 1948 636 1991 nnuc
650 1929 752 1992 addas
773 1929 922 1993 Elborow
941 1934 974 1991 et
994 1927 1235 1992 Ohevallierium
1249 1926 1344 2012 paulo
1359 1934 1435 1992 ante
1449 1949 1470 1991 a

418 2033 469 2075 me
484 2022 759 2079 commemoratos.
795 2016 874 2096 Quae
888 2014 1023 2098 denique
1038 2020 1222 2098 sequuntur,
1235 2036 1274 2077 ca
1288 2013 1414 2077 notavit
1427 2013 1470 2076 ad

419 2096 593 2161 Eusebium
608 2122 699 2162 suum
715 2100 753 2164 cl.
769 2101 941 2178 Burtonus‚
959 2100 1105 2163 “Nescio
1126 2121 1197 2184 quae
1217 2099 1347 2163 Eusebii
1362 2121 1468 2162 exem-

420 2182 552 2268 “plaria
577 2184 733 2250 indicaret
759 2187 919 2254 Ueserim,
942 2207 1014 2249 cum
1040 2208 1098 2271 pro
1120 2189 1202 2265 ὑμῶν
1224 2185 1256 2248 in
1281 2185 1469 2269 quibusdam

420 2275 439 2303 “
452 2269 533 2348 ἡμῶν
547 2269 609 2355 legi
628 2271 769 2335 monuit:
794 2272 826 2334 in
845 2272 930 2335 nullo
950 2272 1057 2336 codice
1076 2273 1158 2335 hanc
1177 2271 1344 2334 lectionem
1365 2271 1468 2334 inveni

420 2361 570 2438 “praeter
596 2355 798 2435 Savilianum‚
825 2380 919 2442 quem
939 2357 1067 2441 quidem
1092 2357 1134 2421 ab
1157 2357 1291 2421 Usserio
1317 2357 1469 2421 collatum

421 2448 440 2475 ‘⁸
452 2462 520 2504 esse
536 2443 692 2506 constat.”

463 2526 502 2589 P.
516 2545 567 2589 20.
588 2527 608 2589 l.
627 2546 657 2594 2.
684 2529 876 2610 ὠφεληθῆναι
899 2529 1082 2617 δυνήσεσθε]
1110 2529 1297 2612 Anonymus
1322 2529 1467 2613 martyrii

419 2611 456 2674 B.
470 2612 588 2696 Ignatii
604 2613 781 2700 descriptor
794 2614 872 2699 legit
886 2615 1133 2696 ὠφεληθήσεσθε,
1145 2615 1305 2698 quomodo
1316 2622 1350 2679 et
1362 2614 1467 2678 Vetus

420 2697 587 2782 Polycarpi
611 2699 774 2785 Interpres
795 2700 943 2776 reddidit,
970 2723 1006 2765 ea
1028 2699 1135 2786 quibas
1157 2720 1284 2784 mcpcus
1306 2700 1386 2764 colis
1409 2701 1468 2764 erit

412 2785 581 2932 Pwdlieidll.
595 2785 755 2949 ullsllbde
770 2870 839 2957 ipso
856 2871 991 2958 Ignatio‚
1008 2879 1041 2936 et
1057 2871 1096 2936 de
1111 2873 1161 2935 his
1176 2871 1229 2955 qui
1245 2893 1317 2935 cum
1332 2893 1370 2936 co
1381 2879 1465 2949 sunt,

419 2955 504 3038 quod
533 2955 650 3020 certius
679 2958 880 3043 agnoveritis,
912 2957 1102 3057 significate]
1143 2957 1250 3042 Hujus
1276 2958 1322 3021 ita
1350 2957 1383 3020 in
1413 2957 1466 3020 Bi-

418 3040 577 3105 bliotheca
591 3064 649 3106 sua
662 3043 746 3128 (cod.
756 3045 861 3125 cxxv.)
878 3045 918 3108 de
935 3043 1102 3128 Polycarpr
1113 3043 1174 3108 hac
1188 3044 1231 3106 ad
1247 3042 1465 3128 Philippenses

417 3127 552 3212 epistola
571 3149 669 3214 agens
691 3128 834 3194 meminit
855 3129 999 3194 Photius.
1045 3131 1138 3211 Λέγει
1158 3131 1206 3193 καὶ
1228 3132 1280 3196 τὰς
1303 3131 1466 3195 ἐπιστολὰς

417 3215 517 3280 αὐτοῖς
541 3211 690 3295 Ἰγνατίου
722 3221 774 3279 τοῦ
808 3218 968 3297 Θεοφόρον
1000 3215 1231 3288 ἀπεσταλκέναι,
1267 3215 1315 3279 καὶ
1341 3217 1466 3278 αἰτεῖται

417 3299 650 3382 ἀναδιδαχθῆναι
668 3300 735 3382 παρ’
752 3301 858 3374 αὐτῶν,
875 3305 904 3365 εἴ
922 3327 951 3364 τι
964 3302 1032 3382 περὶ
1047 3303 1162 3365 ἐκείνου
1185 3302 1385 3364 διακούσαιεν.
1426 3299 1465 3363 In

418 3383 571 3448 Halloixii
603 3392 711 3451 tamen
737 3387 876 3452 editione
902 3387 999 3450 verba
1024 3387 1088 3450 ista
1120 3394 1195 3450 sunt
1231 3386 1356 3464 omissa,
1395 3407 1465 3470 quae

417 3470 533 3534 docent
548 3471 632 3535 circa
646 3493 763 3536 annum
776 3473 868 3536 Dom.
882 3473 939 3536 cvi.
957 3473 1069 3536 eodem
1080 3472 1224 3536 videlieet
1235 3479 1388 3556 tempore,
1401 3493 1465 3556 quo

417 3555 582 3638 eSyriaad
592 3557 920 3640 martyriumRomam
928 3559 1086 3622 adductus
1096 3558 1166 3621 estl
1211 3557 1465 3642 atius‚scriptum

416 3664 438 3704 a
453 3641 630 3728 Polycarpo
641 3643 738 3707 istam
748 3644 843 3707 luisse
858 3644 1035 3729 epistolum.
1068 3644 1149 3707 Haec
1165 3579 1324 3721 lgllisnnrus,
1341 3645 1397 3706 sed
1413 3643 1465 3743 lg-

416 3727 496 3791 natii
505 3729 629 3793 obitum
638 3736 710 3794 toto
721 3729 881 3808 decennio,
888 3753 983 3815 quam
995 3753 1016 3794 a
1026 3729 1254 3794 recentioribus
1266 3729 1465 3814 chronologis

416 3813 537 3878 lactum
557 3824 615 3894 est,
639 3814 733 3879 citius
752 3822 906 3880 statuens.
952 3817 1011 3881 Ait
1030 3816 1240 3892 Jacobsonus‚
1259 3816 1338 3879 “De
1359 3824 1465 3880 morte

418 3900 566 3986 “Ignatii
583 3902 779 3987 Polycarpus
793 3902 861 3985 jam
880 3903 998 3966 certior
1016 3902 1120 3966 laetus
1138 3909 1217 3977 erat,
1236 3903 1264 3982 ξ.
1278 3921 1307 3986 9.
1329 3901 1385 3964 sed
1405 3903 1463 3964 oir-

418 3988 666 4066 “cumstantias
687 3989 783 4066 dicta,
806 3989 860 4050 &a
883 3995 920 4051 ut
938 3988 1072 4062 videtur,
1089 3987 1267 4073 ignorabat.
1315 3987 1464 4052 Postulat

417 4079 436 4108 “
448 4094 555 4158 ergoa
570 4075 835 4160 Philippensibus,
849 4081 886 4138 ut
896 4073 956 4138 sibi
971 4073 1157 4160 significent,
1175 4074 1325 4158 quidquid
1345 4073 1463 4158 Ignatii

418 4165 583 4222 “mortem
597 4169 745 4246 spectans
760 4161 798 4224 iis
813 4166 897 4224 essct
912 4159 1105 4246 cogrritum.”

461 4243 543 4306 lbid.
559 4245 580 4308 l.
598 4267 644 4308 11.
666 4269 759 4330 quem
774 4247 806 4308 in
821 4253 1001 4331 presentem
1020 4245 1104 4309 diem
1125 4245 1341 4308 commendavi
1364 4244 1462 4320 vobis,

416 4335 451 4392 et
464 4351 548 4392 nuno
563 4333 762 4416 commendo]
781 4332 860 4396 oum
878 4332 911 4394 in
930 4332 1070 4431 principe
1090 4330 1222 4416 aliisque
1237 4329 1463 4394 vetustioribus

416 4413 607 4480 editionibus
630 4417 724 4501 hujus
742 4418 1024 4502 interpretationis,
1044 4423 1077 4480 et
1096 4417 1139 4480 al
1157 4416 1331 4502 marginem
1352 4415 1462 4481 editio-
