3326 5200
381 468 621 532 EPISTOLA
646 467 713 532 AD
737 468 771 530 S.
795 467 1103 532 CYPRIitNUM.
1202 467 1260 530 241

220 641 279 732 qui
306 664 329 710 a
352 639 495 710 Christo
518 641 644 710 missus
670 647 734 722 est,
757 646 795 710 et
817 639 947 710 frustra
970 639 1020 710 illi
1039 639 1197 710 venienti
1221 641 1266 710 ad

219 757 464 849 accipiendum
492 755 664 848 Spiritum
692 779 816 828 manus
842 759 1061 850 imponitur:
1098 759 1165 828 nisi
1191 760 1220 828 si
1245 781 1268 828 a

220 873 362 944 Christo
380 873 554 965 Spiritum
570 871 697 954 induit,
715 870 808 967 (sor.
826 897 897 943 non
915 873 1024 956 ducit,
1042 873 1265 964 vinnaina)

220 999 261 1059 ut
278 990 372 1084 apud
389 989 573 1060 hereticos
590 990 636 1058 sit
648 989 792 1081 quidem
810 987 982 1072 Christus,
992 1012 1064 1061 non
1082 991 1128 1061 sit
1145 999 1266 1062 autem

193 1105 292 1190 sillie·
311 1105 463 1198 Spiritus
481 1105 643 1176 sanctus.

272 1222 341 1292 IX.
368 1221 607 1294 Deeurmmus
630 1246 714 1292 vero
737 1221 893 1293 breviter
922 1232 960 1293 et
983 1233 1111 1294 eaetera
1138 1245 1216 1315 quoe
1246 1238 1390 1290 asanais

222 1339 320 1410 vobis
336 1339 477 1430 copiose
494 1348 533 1408 et
549 1337 751 1430 plenissime
774 1338 871 1408 dieta
890 1347 983 1422 sunt,
1002 1340 1192 1410 festinante
1210 1303 1424 1428 velffliffi,

221 1455 376 1524 maxime
393 1454 439 1524 ad
456 1476 518 1524 vos
535 1453 735 1547 Rogatiano
761 1452 909 1525 diacono
930 1456 1109 1526 carissimo
1135 1433 1402 1562 nostro.{{³g·m¹'„2⁰

221 1571 391 1662 Sequitur
416 1572 510 1640 enim
537 1570 635 1652 illud,
652 1571 747 1663 quod
770 1571 1009 1666 interrogandi
1028 1582 1111 1643 sunt
1128 1595 1150 1642 a
1166 1573 1391 1678 nobisffil'*

176 1687 281 1779 ioqui
310 1686 493 1758 hoeretieos
523 1686 729 1769 defendunt,
758 1695 878 1756 utrum
906 1687 1046 1758 carnale
1072 1689 1118 1758 sit
1143 1711 1266 1758 eorum

219 1804 403 1896 baptisma,
429 1826 475 1874 an
504 1802 671 1895 spiritale.
724 1801 763 1872 Si
789 1804 884 1872 enim
910 1802 1050 1874 carnale
1075 1813 1151 1888 est3
1179 1804 1266 1874 nihil

221 1918 388 1990 diffemnt
405 1942 428 1988 a
443 1919 648 1989 Judaeorum
667 1920 852 2012 baptismo,
870 1941 941 2009 quo
962 1919 1012 1988 sie
1034 1918 1085 1988 illi
1107 1929 1267 2000 utuntur,

221 2043 263 2104 ut
285 2057 328 2104 eo
349 2044 518 2127 tauquam
545 2037 724 2106 communi
750 2043 788 2106 et
805 2033 941 2128 vulgari
968 2034 1106 2106 lavacro
1126 2043 1266 2106 tentum

222 2151 340 2221 sordes
358 2151 530 2222 laventur.
582 2152 647 2222 Sin
670 2161 792 2222 autem
816 2148 973 2244 spiritale
990 2160 1066 2233 est-3
1091 2149 1269 2242 quomodo

178 2297 187 2336 ι
194 2267 314 2359 5spud
333 2267 412 2338 illos
432 2291 509 2338 esse
532 2268 709 2360 baptisma
731 2267 889 2360 spiritale
915 2275 1044 2360 potest,
1061 2268 1155 2358 apud
1181 2289 1269 2358 quos

223 2383 375 2476 Spiritus
393 2383 546 2454 Sanetus
563 2407 634 2454 non
652 2385 730 2455 est?
757 2383 814 2455 Ae
840 2407 904 2476 per
920 2383 988 2454 hoe
1006 2406 1099 2474 aqua
1114 2406 1185 2474 qua
1200 2383 1270 2452 tin-

221 2509 363 2594 guntur,
382 2499 561 2572 lavacrum
586 2509 641 2570 est
667 2500 738 2571 illis
761 2499 900 2570 carnale
917 2507 1070 2582 tentum,
1088 2521 1160 2568 non
1186 2498 1271 2590 bap-

222 2618 317 2688 tismi
336 2624 606 2688 sacramentum.
661 2617 766 2700 Quod
784 2617 813 2686 si
831 2616 1008 2708 baptisma
1024 2614 1271 2686 haeretieorum

222 2733 352 2804 habere
380 2741 499 2826 potest
526 2733 830 2826 regenerationem
860 2731 1023 2802 secundae
1053 2732 1270 2814 nativitatis3

177 2871 295 2920 eonon
328 2849 494 2930 heretici,
523 2849 585 2919 sed
618 2848 682 2918 filii
715 2847 783 2918 Dei
818 2848 1047 2939 computandi
1082 2856 1175 2928 sunt,
1210 2848 1270 2938 qui

223 2965 317 3058 apud
335 2965 414 3036 illos
430 2965 666 3058 baptizantur.
712 2963 877 3035 Secunda
893 2964 988 3032 enim
1007 2964 1173 3034 nativitas
1190 2985 1271 3054 quae

224 3091 279 3152 est
296 3083 332 3152 in
349 3081 536 3174 baptismo,
554 3081 644 3152 filios
663 3079 731 3150 Dei
748 3087 906 3172 generat.
950 3077 988 3147 Si
1006 3087 1127 3148 autem
1145 3100 1273 3169 sponsa

225 3198 356 3268 Christi
373 3221 445 3270 una
469 3205 533 3280 est,
551 3220 629 3288 quae
655 3203 710 3266 est
727 3193 877 3264 eeclesia
892 3193 1090 3276 catholiea;
1117 3195 1192 3285 ipsa
1216 3201 1271 3262 est

224 3337 306 3406 quae
323 3313 398 3385 sola
413 3322 562 3407 generat
575 3312 644 3382 Dei
661 3311 764 3380 filios.
797 3308 927 3400 Neque
940 3310 1035 3378 enim
1053 3308 1175 3379 multa
1188 3318 1271 3378 sunt

177 3463 192 3502 2
197 3453 361 3523 5sp0nsae
380 3429 533 3512 Christi3
559 3451 641 3498 eum
668 3429 763 3498 dieat
782 3423 981 3518 apostolus:
1009 3423 1192 3516 Despondi
1211 3437 1434 3494 vosmet-xtr-

224 3547 285 3616 uni
317 3547 391 3616 viro
421 3547 593 3639 virginem
628 3553 761 3614 castam
795 3543 972 3635 assignare
1007 3540 1159 3612 Christo.
1212 3541 1269 3623 Et,

224 3661 323 3732 Audi
348 3662 422 3732 filia
446 3671 484 3732 et
512 3661 602 3742 vide,
623 3669 661 3729 et
687 3659 817 3729 inclina
840 3680 962 3728 aurem
988 3666 1097 3738 tuam,
1122 3665 1160 3726 et
1182 3655 1434 3726 obli.r·.1uv.1a

225 3779 357 3848 viscere
386 3775 507 3869 popuii
535 3777 616 3860 tui;
652 3777 736 3868 quia
762 3773 975 3844 desideravit
1005 3771 1085 3842 Rex
1114 3772 1269 3863 speeiem

224 3902 335 3964 tuam.
388 3892 446 3975 Et,
483 3891 577 3964 Veni
612 3914 739 3986 sponsu
773 3891 818 3960 de
853 3889 1000 3970 Libano,
1033 3888 1199 3958 advenies
1233 3896 1271 3958 et
1279 3901 1352 3950 cana
1364 3899 1433 3949 raa

175 4047 216 4102 ³0
224 4009 450 4103 pertransibis
484 4034 506 4080 a
538 4008 710 4102 principio
743 4006 837 4076 fidei.
890 4005 948 4086 Et,
979 4004 1162 4098 Ingressus
1191 4027 1269 4074 sum
1280 4015 1352 4068 cana
1363 4033 1388 4065 v.
1400 4029 1421 4065 ι.

226 4125 262 4194 in
295 4124 439 4194 hortum
473 4147 605 4206 meum,
635 4147 733 4194 soror
764 4143 855 4202 mea,
890 4143 1026 4213 sponsa.
1096 4120 1271 4191 Videmus

225 4263 332 4310 unam
358 4262 543 4331 personam
570 4239 702 4332 ubique
726 4237 884 4332 proponi,
902 4237 986 4327 quia
1010 4243 1048 4306 et
1065 4259 1192 4329 sponsa
1217 4245 1271 4306 est

225 4379 306 4427 uns.
359 4355 445 4426 Non
476 4365 530 4427 est
559 4365 679 4427 autem
709 4377 779 4424 una
812 4353 996 4423 nobiseum
1026 4353 1272 4424 hereticorum

733 4489 775 4539 ιι
