3316 5198
301 447 351 511 IN
377 449 411 510 S.
437 445 706 511 HIPPOLYTI
732 443 928 508 CONTRA
952 441 1171 508 NOETUM.
1222 446 1265 512 89

208 639 281 706 oap.
293 619 345 700 67.
357 617 411 702 qui
427 618 554 702 quidem
571 613 761 682 Philastrius
773 615 849 715 fpeit
865 635 937 679 eum
952 636 1041 680 novae
1057 614 1224 679 senmntiae
1239 637 1260 678 a

210 704 314 768 verbis
336 704 418 790 quod
432 705 556 788 saetam
580 713 622 768 eal
643 703 867 788 inceptonbus,
889 721 948 766 nos
969 701 1101 778 monuit,
1125 721 1188 764 non
1210 700 1259 765 sas

209 811 280 854 esse
304 811 376 854 oum
399 789 581 876 Epiphanio
601 789 633 852 in
654 791 808 852 Αιιονιυιο
829 794 853 851 t.
871 785 916 850 II.
932 809 965 872 p.
983 787 1034 864 80,
1054 785 1141 850 illam
1162 786 1259 851 inter-

210 875 415 960 punctionem
441 875 527 940 velut
548 875 732 940 haeretieam
757 880 790 938 et
817 871 950 960 Spiritui
976 872 1095 938 Sunoto
1118 872 1259 957 iniquam

209 982 352 1048 arguere,
367 982 440 1026 oum
455 983 476 1025 a
489 967 540 1026 tot
550 961 710 1026 veteribus
723 958 869 1024 adhibita
883 958 987 1022 fuerit.
1033 957 1124 1022 Idem
1138 958 1259 1022 laetum

208 1053 261 1112 est
274 1071 296 1112 a
310 1047 342 1112 S.
359 1045 527 1111 Victorino
548 1047 581 1110 in
597 1046 663 1111 Fra
718 1051 793 1110 ento
811 1043 916 1130 operis
937 1043 974 1110 de
988 1043 1127 1110 Febrim
1141 1045 1260 1110 Mundi

209 1133 297 1220 apud
310 1131 473 1218 Reliqaiaa
486 1134 576 1198 Saer.
593 1132 652 1197 vol.
688 1131 732 1195 II.
748 1153 780 1217 p.
798 1149 871 1215 239·

254 1219 294 1282 P.
306 1219 359 1282 68.
371 1218 393 1282 l.
408 1237 422 1282 1
450 1267 458 1283 .
475 1220 629 1299 Πνειίματι
643 1220 718 1302 ὸγίιρ
732 1216 971 1300 προσκυνοῦμεν]
989 1215 1142 1283 conferas
1154 1217 1260 1282 looum

210 1304 245 1370 S.
259 1302 383 1369 Juetini
437 1304 555 1390 artyris
577 1304 610 1368 in
629 1303 781 1390 Αροιορια
795 1302 909 1366 Priore
923 1324 954 1388 p.
971 1323 1020 1368 11.
1037 1303 1094 1366 sed
1108 1325 1129 1368 a
1143 1302 1259 1368 (larolo

210 1389 370 1467 Ashtono,
400 1389 467 1455 viro
492 1389 715 1466 enuditissimo,
746 1409 817 1452 oum
846 1388 958 1452 luxata
979 1410 1049 1454 esse
1075 1389 1258 1454 viderentur

209 1476 279 1561 ejus
292 1476 445 1552 membra,
460 1475 586 1561 egregie
601 1483 749 1540 sanatum
764 1481 798 1538 et
811 1473 1009 1539 restitutum.

253 1561 292 1625 P.
309 1565 362 1646 69.
377 1560 400 1624 Ι.
416 1577 446 1644 5.
460 1559 696 1640 Ἐξατιέστειλεν
711 1563 727 1624 ὸ
741 1559 821 1626 Θεὸς
834 1560 888 1624 τὸν
898 1561 1002 1642 Λόγον
1012 1561 1102 1626 αὐτοῦ
1119 1562 1189 1646 δια]
1204 1561 1259 1626 lta

210 1646 338 1732 quidem
358 1645 550 1712 intellexisse
571 1648 655 1712 huno
678 1646 712 1712 S.
729 1644 903 1732 Scriptura
925 1645 1029 1710 looum
1044 1645 1167 1733 Hippol
1204 1669 1258 1710 um

210 1732 307 1811 vides,
320 1732 417 1816 juxta
429 1753 468 1797 aa
483 1732 511 1796 si
525 1733 702 1820 soripsisset
716 1731 749 1797 S.
767 1730 880 1810 Lusus,
889 1729 928 1795 ‘O
943 1733 1051 1813 Λόγοι,
1068 1731 1104 1795 ὸν
1117 1734 1257 1796 duceres·

209 1821 376 1883 λευ-ίστι
400 1817 520 1883 πάντων
542 1821 660 1902 Κύριοι,
681 1820 753 1882 Act.
774 1839 806 1880 x.
821 1818 874 1903 36.
919 1817 965 1881 Et
986 1817 1051 1894 diu,
1072 1817 1258 1903 priusquam

208 1903 305 1989 hujus
319 1903 443 1988 antiqui
462 1904 565 1991 patris
578 1905 643 1969 vidi
664 1902 972 1989 interpretationem,
989 1902 1023 1965 in
1041 1902 1174 1966 eandem
1189 1925 1257 1966 sen-

209 1989 346 2056 tentiam
361 1989 457 2090 verba
479 1990 645 2090 seriptoris
663 1988 746 2090 seori
766 1987 951 2075 aooipienda
973 2009 1041 2087 esse
1061 1987 1134 2088 ideo
1147 1987 1255 2087 eristi-

209 2075 348 2245 tastu
359 2072 1126 2247 qffltldstffllu‘tlstttttllt?
1138 2073 1259 2226 llll

209 2245 288 2311 loeis
302 2181 507 2347 dgprenllnsa,
521 2248 604 2313 bene
618 2246 807 2346 conveniret.
832 2245 948 2346 Confer
962 2244 1046 2311 enim
1063 2266 1077 2310 1
1096 2246 1166 2310 Pel.
1181 2246 1214 2312 ii.
1228 2263 1256 2330 7.

209 2331 303 2397 Ιοαιι.
319 2354 364 2397 ιιι.
379 2351 434 2417 34.
449 2355 478 2398 v.
494 2335 548 2420 38.
564 2340 598 2398 et
617 2333 791 2398 Athanasu
815 2331 901 2396 Orat.
923 2353 962 2396 ιν.
986 2340 1090 2396 omaro
1112 2333 1258 2411 Αιιννιοι,

209 2439 296 2482 ιιιιιιι.
311 2436 450 2518 3ο-3α.
495 2419 544 2484 At
557 2440 632 2485 vero
646 2418 742 2484 alitor
755 2438 806 2482 me
821 2438 904 2482 nuno
918 2417 1036 2483 sentire
1050 2419 1091 2482 de
1104 2417 1259 2507 interpre

210 2503 334 2572 tatione
348 2503 409 2568 ιοοι
424 2505 530 2570 οιιιιιια
544 2504 725 2591 diligentius
740 2503 1002 2581 considerantem,
1018 2504 1182 2569 eonfiteor.

256 2587 338 2654 Ibid.
353 2589 374 2652 l.
390 2590 420 2653 6.
437 2591 522 2660 οὸτιίς
544 2593 627 2656 ἐστιν
649 2593 666 2654 ὸ
693 2590 783 2668 Θεὸς,
805 2591 822 2652 ὸ
844 2587 965 2652 πάντων
981 2588 1103 2676 Κύριοι]
1124 2589 1258 2676 Scripsit

210 2674 245 2824 lS.
260 2673 375 2775 lanam,
391 2675 476 2743 οὗτός
491 2679 556 2742 ἐστι
573 2676 693 2742 πάντων
708 2676 823 2756 Κύριοι.
869 2673 1004 2759 Reliqua
1018 2676 1115 2740 verba
1130 2675 1258 2763 Hippo·

221 2765 372 2910 ytlllillll.
391 2846 440 2913 16.
458 2851 511 2913 δύο
531 2848 636 2930 λέγειν
656 2848 788 2933 Θεοτίςς]
809 2847 920 2913 Habet
943 2847 1070 2931 quidem
1092 2847 1258 2934 interpres,

211 2931 339 2998 Dicam
360 2930 475 3018 uliquis
497 2934 597 3000 dicae
618 2933 769 2998 Ioannou
793 2933 868 2999 daos
890 2932 996 2998 Deos?
1019 2931 1083 2997 Sed
1108 2953 1260 3018 reponere

211 3015 430 3168 ἒῖιέειιιῂλέγγις
450 3042 509 3105 pro
530 3018 642 3102 λέγειν.
691 3018 776 3100 Quid
793 3020 886 3104 erqo?
909 3017 989 3083 diost
1007 3018 1130 3104 aliquia,
1146 3018 1262 3083 clasem

257 3123 380 3254 Ibidlll
390 3188 437 3254 18.
454 3191 626 3271 οἰκονομίαν
639 3193 673 3255 δὲ
687 3191 801 3275 τρίτην]
821 3190 973 3254 Fortasse
987 3187 1164 3275 legendum,
1181 3190 1258 3251 οικο-

213 3273 301 3359 νομίςι
315 3276 348 3339 δὲ
362 3276 472 3356 τρίτην,
488 3275 542 3356 τὸν
556 3276 646 3360 χάριν
660 3283 712 3342 τοῦ
726 3278 813 3360 ὸγίου
828 3276 1004 3356 πνεύματος.

257 3358 296 3423 Ρ.
315 3375 365 3442 70.
380 3359 400 3424 l.
419 3376 448 3425 ί.
464 3361 568 3443 Πατὴρ
591 3361 779 3448 ἐντέλλεται]
803 3361 877 3425 Ηοα
901 3360 1075 3426 νιιιιιιίαυιιι
1094 3366 1128 3425 et
1145 3361 1260 3444 ρνινοι-

205 3443 321 3530 piendi
341 3443 494 3510 venabulo
512 3448 553 3512 de
576 3447 685 3526 Patre,
705 3455 740 3514 et
763 3445 922 3513 υὸοιιιοιιιιι
943 3447 984 3511 de
1003 3446 1086 3510 Filio
1107 3445 1175 3510 sine
1197 3445 1262 3510 ulla

212 3529 383 3598 offensione
412 3530 461 3595 usi
486 3540 562 3598 sunt
587 3553 650 3597 nou
678 3533 774 3598 modo
796 3540 873 3599 ante
899 3532 1072 3599 Oenoilium
1096 3529 1262 3595 Nioaenum

213 3615 250 3681 S.
267 3615 418 3696 Irenaeus,
446 3617 642 3768 Hiippolytus
665 3625 784 3697 noster,
811 3620 966 3705 Origenes
991 3626 1025 3684 et
1050 3615 1122 3682 elii:
1149 3617 1206 3680 sed
1227 3624 1261 3680 et

212 3707 288 3787 post
301 3701 378 3766 illud
399 3724 477 3768 eone
511 3727 565 3769 um
586 3703 760 3770 adversarii
782 3712 816 3769 et
830 3704 939 3770 hostes
953 3704 1085 3768 Arianae
1105 3701 1262 3765 heereseos

211 3786 368 3867 aeerrimi,
390 3788 600 3865 Athanasius,
623 3791 768 3868 Basilius,
801 3790 926 3854 Marius
955 3789 1082 3866 Viator,
1108 3785 1261 3864 Hilarius,

213 3871 355 3960 Prosper
378 3875 433 3939 &a
480 3876 565 3941 Vide
586 3876 755 3941 Patavium
779 3875 834 3940 lib.
856 3874 902 3938 ΙΙ.
925 3876 965 3940 de
985 3873 1144 3939 Trinitas
1165 3895 1194 3937 o.
1209 3871 1261 3936 vii.

215 3959 247 4040 §-
263 3977 293 4042 7.
336 3959 452 4046 Georg.
470 3961 597 4026 Bullum
617 3963 650 4025 in
672 3961 862 4027 Defensiono
879 3960 970 4026 Fidei
986 3960 1124 4025 Nioaenae
1139 3980 1170 4042 p.
1191 3977 1263 4043 133.

217 4045 287 4128 165.
303 4060 462 4132 179.170.
487 4046 587 4113 Ιιιιιιι.

259 4129 339 4196 lbid.
354 4131 378 4196 ι.
393 4152 425 4218 3.
444 4135 610 4215 Οιιονομία
631 4134 805 4214 συμφωνίας
831 4131 993 4213 συνάγεται
1020 4135 1062 4198 εις
1085 4131 1140 4196 ἕνα
1162 4129 1261 4216 Θεὸν]

215 4213 270 4282 lta
281 4215 360 4302 legit
374 4216 540 4318 interpres.
566 4217 675 4284 Possis
690 4217 789 4284 etiam
802 4218 907 4305 legere
922 4219 1089 4298 οἰκονομίας
1103 4218 1263 4300 συμφωνία

215 4301 302 4384 (sio).
347 4301 442 4368 Oerte
456 4325 490 4368 ιιι
506 4303 579 4370 MS.
594 4326 666 4370 meo
685 4305 870 4390 apographo
889 4309 939 4368 est
954 4305 1123 4383 οἰκονομίας
1136 4311 1262 4384 συμφα-

215 4388 289 4455 νίαι.
313 4387 411 4452 Fusa.
457 4389 610 4458 Fortasse
624 4396 714 4455 totus
734 4389 822 4455 loeus
843 4390 891 4454 ita
910 4389 1110 4478 retingendus
1135 4397 1204 4466 est;
1229 4385 1264 4450 δι’

728 4498 750 4538 ιι
