3326 5200
378 475 616 543 EPISTOLA
641 479 709 544 ΑΙ)
733 481 767 544 S.
784 480 1090 547 CYPRIANUM.
1196 483 1261 549 247

211 652 278 744 qui
316 651 450 724 invitus
491 663 529 723 et
565 655 776 726 necessitate
818 657 1073 748 persecutionis
1116 665 1260 727 coactus

212 770 409 853 succubuit,
439 780 478 842 et
507 770 608 842 illum
639 774 698 865 qui
732 773 903 867 sacrilega
929 771 1114 844 voluntate
1143 773 1260 844 audax

212 895 336 956 contra
361 887 546 957 ecclesiam
573 888 731 971 rebellat,
754 889 811 959 vel
837 891 873 960 in
905 889 1049 962 Patrem
1079 899 1117 960 et
1140 889 1260 962 Deum

212 1001 356 1084 Christi,
390 1011 428 1074 et
462 1005 573 1075 totius
607 1005 730 1076 mundi
766 1006 996 1089 conditorem,
1030 1008 1140 1099 impia
1173 1029 1259 1078 voce

183 1113 444 1213 sblasphemat.
498 1119 547 1191 Et
575 1144 647 1192 non
674 1123 786 1215 pudet
813 1122 1036 1216 Stephanum
1066 1124 1134 1195 hoc
1168 1147 1261 1195 asse-

211 1257 310 1320 rere3
338 1247 379 1308 ut
404 1260 468 1329 per
495 1261 556 1309 eos
583 1241 643 1330 qui
666 1240 732 1331 ipsi
759 1241 797 1309 in
823 1241 987 1310 omnibus
1010 1240 1165 1334 peccatis
1188 1241 1261 1311 sint

212 1355 407 1437 constituti,
451 1354 546 1426 dicat
587 1377 690 1448 posse
740 1357 980 1427 remissionem
1032 1367 1259 1451 peccatorum

212 1469 311 1541 dari?
340 1471 449 1554 Quasi
479 1472 590 1563 possit
617 1493 693 1541 esse
723 1472 760 1540 in
790 1471 897 1542 domo
920 1475 1050 1546 ,mortis
1079 1473 1258 1544 lavacrum

212 1584 345 1657 salutis.
398 1585 471 1658 Ubi
489 1611 573 1682 ergo
591 1589 659 1658 en't
675 1588 770 1680 quod
793 1590 963 1681 scriptum
980 1599 1056 1673 est3
1082 1589 1144 1660 Ab
1168 1603 1422 1682 aquarmmna

169 1699 328 1771 roaliena
355 1703 567 1785 abstinete,
595 1712 676 1774 eta
705 1704 803 1774 fonte
833 1703 949 1775 alieno
979 1727 1024 1774 ne
1050 1704 1203 1775 biberis:
1229 1703 1259 1774 si

212 1817 336 1888 relicto
363 1818 523 1890 ecolesiae
553 1819 652 1890 fonte
682 1821 830 1914 signato,
859 1818 1012 1892 alienam
1039 1843 1167 1914 aquam
1195 1843 1258 1913 pro

212 1943 276 2006 tua
300 1937 456 2028 suscipis,
474 1945 511 2005 et
533 1937 688 2029 profanis
713 1936 871 2008 fontibus
891 1937 1076 2008 ecclesiam
1102 1937 1258 2031 polluis?

212 2051 363 2136 Quando
397 2055 493 2123 enim
526 2053 703 2146 baptismo
731 2053 981 2124 haereticomm
1008 2055 1258 2136 communicas,

212 2170 295 2262 quid
313 2170 408 2240 aliud
433 2193 540 2263 quam
566 2171 794 2264 devoragine
820 2179 858 2241 et
875 2192 976 2240 coeno
996 2170 1138 2242 illorum
1155 2171 1257 2254 bibis,

169 2295 250 2364 rset
274 2289 349 2379 ipse
375 2287 535 2358 ecclesiae
560 2287 838 2357 sanctificatione
865 2297 1045 2380 purgatus,
1063 2287 1257 2358 alienarum

211 2403 367 2473 sordium
401 2403 625 2474 contactibus
659 2403 880 2494 inquinaris?
925 2403 1005 2474 Nec
1039 2406 1170 2474 metuis
1197 2405 1258 2495 ju·

210 2518 343 2589 dicium
363 2519 431 2588 Dei
456 2519 630 2589 haereticis
655 2521 899 2590 testimonium
925 2527 1049 2590 contra
1071 2518 1256 2590 ecclesiam

210 2634 408 2727 perhibens,
426 2657 509 2706 curn
534 2637 704 2728 scriptum
731 2637 796 2707 sit:
824 2635 948 2707 Falsus
965 2637 1066 2706 testis
1091 2659 1163 2707 non
1188 2637 1256 2708 erit
1268 2657 1419 2722 roratas.

209 2751 429 2846 impunitus?

164 2888 202 2926 ²0
260 2869 371 2941 XVI.
390 2870 486 2955 Quin
503 2871 613 2940 immo
631 2879 672 2940 tu
689 2869 862 2940 haereticis
885 2872 1049 2942 omnibus
1072 2872 1171 2964 pejor
1196 2882 1420 2956 cumetensi·

209 3005 291 3052 nam
334 3006 416 3055 cum
458 2987 541 3056 inde
574 2984 679 3055 multi
714 2986 857 3078 cognito
891 3009 1007 3056 errore
1040 3009 1104 3056 suo
1138 2987 1183 3057 ad
1217 2949 1412 3076 elffii*

210 3101 363 3184 veniant,
396 3111 439 3172 ut
472 3102 631 3172 ccclesiae
662 3124 786 3171 verum
820 3101 942 3172 lumen
975 3103 1177 3195 accipiant3
1213 3109 1254 3172 tu
1262 3077 1409 3204 ffifflffl’

209 3219 427 3288 venientium
462 3241 596 3289 errores
629 3216 784 3310 adjuvas,
819 3226 857 3288 et
890 3217 1077 3289 obscurato
1120 3207 1366 3321 hminem-⁸

209 3333 458 3404 ecclesiasticae
501 3335 670 3417 veritatis,
714 3333 878 3404 tenebras
924 3332 1100 3404 haereticae
1140 3335 1255 3403 noctis

164 3469 198 3528 25
209 3449 423 3522 accumulas.
476 3449 639 3542 Cumque
656 3471 695 3520 se
712 3449 764 3520 illi
781 3451 818 3520 in
835 3451 990 3542 peccatis
1007 3473 1093 3533 esse,
1111 3458 1149 3520 et
1166 3449 1255 3519 nihil

208 3567 333 3659 gratiae
358 3566 489 3636 habere
515 3588 563 3648 se,
584 3589 625 3637 ao
651 3575 837 3660 propterea
861 3566 906 3636 ad
931 3566 1116 3637 ecclesiam
1135 3566 1255 3638 venire

209 3683 408 3765 fateantur3
433 3691 474 3751 tu
492 3683 544 3752 eis
566 3683 808 3752 remissionem
834 3689 1060 3773 peccatorum
1078 3680 1255 3752 subtrahis

209 3821 290 3889 quae
319 3799 357 3867 in
383 3797 561 3890 baptismo
584 3797 697 3880 datur,
724 3797 810 3868 dum
834 3798 921 3868 dicis
950 3821 1011 3868 eos
1033 3799 1110 3890 jam
1140 3799 1256 3890 bapti-

208 3925 315 3995 zatos,
326 3924 365 3985 et
376 3923 480 3984 extra
493 3913 677 3986 ecclesiam
696 3913 852 3983 eoelesiae
863 3914 1014 4008 gratiam
1028 3923 1254 3986 consecutos:

160 4053 274 4108 senec
304 4030 474 4124 intelligis
499 4031 634 4102 animas
663 4053 786 4101 eorum
814 4031 859 4100 ‹le
886 4052 995 4101 manu
1018 4039 1081 4101 tua
1106 4031 1254 4122 exquiri,

208 4169 290 4216 cum
325 4147 451 4238 judicii
488 4149 563 4218 dies
598 4148 744 4228 venerit,
770 4147 830 4237 qui
865 4146 1067 4217 sitientibus
1098 4145 1255 4218 ecclesia

208 4271 333 4354 potum
366 4264 513 4356 negasti,
544 4271 582 4334 et
612 4261 813 4332 volentibus
843 4264 960 4332 vivere
995 4285 1101 4334 causa
1131 4265 1255 4335 mortis

208 4377 326 4449 fuisti:
354 4377 403 4448 Et
420 4380 564 4470 insuper
580 4377 781 4472 indignaris.
