3294 5192
378 471 443 536 420
690 465 1072 532 ANNOTATIONES

423 640 463 705 P.
474 658 549 726 391.
565 639 585 703 l.
598 656 648 706 22.
665 641 739 704 κατὰ
753 639 807 717 τὴν
823 636 1014 719 κρσπίσασαν
1029 638 1190 717 συνηθείαν
1204 641 1264 702 τῶν
1278 634 1429 721 ποτέραν]

381 725 645 812 Praepositionem
662 728 834 807 sapiente
848 729 908 788 τῶν
921 723 1057 807 antipae
1072 722 1213 789 Oonoilia
1227 723 1361 800 addunt,
1376 744 1433 807 po

381 812 445 878 sita
469 834 544 877 vere
569 811 602 874 in
627 811 771 896 margine
796 809 899 874 altera
921 809 1077 886 leetione;
1108 808 1218 894 aitque
1244 808 1432 872 Hnmuinus

380 899 463 964 hane
485 898 604 963 habere
625 895 847 961 Baisamonem
865 902 899 961 et
917 896 1088 973 Zonaram,
1108 916 1245 960 oenones
1264 894 1434 980 designans

382 985 415 1048 in
437 984 551 1046 horum
573 987 860 1047 commentatorum
874 980 1257 1046 editionibuseollooatos.
1301 980 1432 1045 Addam

383 1069 422 1133 iis
441 1068 515 1133 lieet
535 1089 644 1132 omnes
663 1068 730 1132 fere
749 1089 906 1132 canonum
927 1067 1136 1146 ooileotiones
1157 1067 1191 1129 in
1210 1067 1335 1151 quibus,
1350 1065 1436 1129 sieut

382 1155 417 1219 in
436 1154 540 1219 tribus
561 1153 666 1218 MStis
686 1152 877 1231 Bodleianis,
897 1153 993 1218 leetio
1011 1153 1089 1231 hae,
1109 1174 1205 1238 quam
1223 1151 1359 1237 praetuli,
1380 1173 1434 1215 ex·

383 1247 444 1306 tat.
478 1239 571 1306 Solus
584 1238 609 1305 J
610 1261 728 1305 oannes
743 1239 964 1304 Antiochenus
978 1242 1027 1303 aa
1041 1244 1101 1304 τῶν
1115 1263 1251 1320 πσεερων
1265 1237 1372 1303 habet.

787 1399 939 1466 OANON
962 1401 1035 1466 111.

428 1521 515 1586 Ibid.
535 1520 557 1585 i.
578 1534 627 1605 15.
655 1519 720 1583 Τὸν
745 1517 802 1598 μέν
827 1545 873 1583 τοι
899 1521 1244 1586 Κωνστσντινονπόλεος
1270 1518 1437 1581 ἐπίσκοπον

385 1607 468 1692 ἔχειν
482 1610 519 1670 τὸ
532 1606 695 1690 πρεσβεῖα]
713 1605 764 1668 De
778 1604 839 1669 hoo
854 1625 983 1683 oenone,
1000 1605 1053 1689 qui
1068 1626 1089 1668 a
1104 1604 1236 1668 Socrate
1249 1604 1272 1666 l.
1290 1603 1328 1666 V.
1344 1602 1434 1668 Hist.

385 1717 412 1759 e.
427 1695 477 1757 28.
488 1698 523 1756 et
537 1691 711 1756 Sozomeno
729 1690 750 1754 l.
767 1691 848 1754 VII.
870 1690 957 1755 Hist.
978 1714 1005 1754 o.
1020 1712 1049 1776 9.
1066 1696 1343 1768 oommemoratur,
1361 1709 1436 1753 oon·

385 1779 470 1845 stilae
485 1799 555 1862 qum
570 1777 612 1842 ad
626 1775 758 1842 Gonoilii
772 1775 1037 1842 Chalcedonensis
1051 1775 1129 1842 (ian.
1142 1775 1320 1842 xxv111.
1337 1795 1436 1842 anno-

385 1865 486 1931 taturi
500 1883 618 1928 sumus.

794 1980 947 2048 GANON
970 1981 1030 2046 IV.

430 2092 470 2156 P.
481 2111 556 2178 392.
571 2091 593 2156 l.
606 2109 635 2156 2.
651 2091 791 2170 Μαξίμου
805 2097 858 2154 τσῦ
873 2095 1003 2177 κυνικοῦ]
1020 2091 1183 2156 Maximus
1196 2091 1257 2156 ista
1270 2090 1314 2156 ad
1328 2090 1437 2155 sedem

386 2177 773 2263 constantinopolitanam
793 2184 906 2241 eontra
925 2199 1062 2242 canones
1079 2184 1206 2242 eveotus
1220 2183 1302 2241 erat.
1339 2177 1438 2243 onos

388 2263 502 2330 κυνικὸς
513 2261 555 2327 aa
566 2261 739 2345 φιλόσοφος
750 2265 831 2345 παρὰ
843 2266 1001 2345 Θεσλόγσυ
1012 2263 1189 2343 βαπτισθεὶς
1198 2269 1250 2326 τοῦ
1262 2263 1348 2346 ἁγίου
1363 2267 1435 2344 Γρε-

387 2351 489 2433 γσρίον
508 2352 557 2413 διὰ
579 2348 736 2431 χρημάτων
750 2347 831 2430 πορθ
852 2373 942 2414 τινων
964 2346 1288 2416 Κωνστσντινοπόλεας
1307 2372 1438 2431 κεχειρο-

388 2436 518 2514 τόνηται.
536 2435 583 2498 καὶ
597 2435 743 2517 γνωσθεὶς
757 2433 988 2516 ἀπεδοκιμάσθη.
1026 2433 1186 2498 Scholium
1199 2433 1242 2497 ad
1259 2433 1439 2498 Harmeno·

387 2519 454 2605 puli
471 2519 633 2604 Epaone»
658 2519 813 2585 Uononem
833 2520 921 2604 apud
944 2519 1124 2585 Leunolavii
1145 2520 1207 2583 Jas
1231 2520 1437 2584 areca-nom.

433 2607 470 2666 16

433 2690 470 2753 P.
481 2706 556 2774 392.
567 2687 588 2751 Ι.
599 2705 629 2770 7.
645 2687 867 2774 ἆισρσθέιπων]
883 2689 1051 2756 Haotenus
1065 2690 1238 2776 Dionysius
1249 2689 1392 2777 Exiguus
1403 2696 1439 2754 et

389 2775 531 2840 Isidorus
552 2774 725 2838 Mereatur.
758 2774 931 2859 Sequentia
948 2777 980 2840 in
999 2777 1066 2842 solo
1081 2777 1194 2841 Graeoo
1209 2775 1373 2841 Oanonum
1387 2797 1439 2840 oo-

389 2862 459 2926 diee
479 2860 637 2961 leguntur,
654 2867 687 2924 et
702 2860 823 2925 Graeois
843 2862 1008 2927 Oanonum
1027 2863 1255 2929 Oolleetoribus
1274 2869 1372 2946 atque
1391 2861 1441 2925 in-

388 2947 591 3032 terprenbus.
620 2947 785 3010 Hennam.
829 2947 897 3013 Nee
933 2949 1016 3014 risoa
1030 2949 1155 3026 Vareia,
1172 2969 1268 3032 quam
1282 2947 1383 3012 edidit
1397 2969 1440 3012 ex

389 3033 555 3120 patrissui
574 3031 766 3098 bibliotheca
781 3034 884 3098 Hem.
921 3035 1062 3114 astallus,
1077 3034 1157 3100 alios
1176 3034 1302 3119 quosvis
1321 3039 1441 3119 preater

390 3126 529 3206 quatuor
544 3119 603 3188 hos
617 3139 753 3188 oenones
767 3119 922 3205 agnoseit.

807 3269 960 3340 OANON
982 3271 1023 3336 V.

310 3395 311 3398 ¹
436 3369 520 3434 lbid.
535 3371 557 3436 l.
570 3392 600 3456 9.
615 3374 692 3454 Περὶ
706 3377 757 3435 τοῦ
772 3370 862 3452 τόμον
876 3371 949 3472 θνα]
962 3373 1189 3438 Definitionem
1203 3374 1352 3460 intelligit
1365 3373 1441 3438 fidei

392 3455 530 3520 Nioaenoe
541 3457 583 3522 ab
596 3457 751 3542 episeopis
761 3458 1008 3524 oeeidentahbns
1020 3459 1160 3524 Sardieae
1175 3459 1345 3540 firmatam,
1356 3467 1441 3524 teste

392 3541 582 3606 Baleamone
607 3549 641 3608 et
666 3544 803 3608 Zonara.
848 3544 914 3608 Alii
937 3542 1105 3629 epistolam
1127 3545 1260 3611 Damasi
1282 3567 1374 3632 papae
1397 3545 1442 3614 ad

393 3625 563 3692 Paulinum
578 3649 595 3691 e
619 3627 760 3714 iseopum
774 3629 1012 3696 Antiochenam
1026 3632 1169 3717 supenus
1184 3631 1305 3696 editum
1320 3654 1352 3717 p.
1366 3633 1440 3707 760.

391 3713 516 3780 mahmt
534 3713 600 3778 inte
626 3713 676 3800 'gi‚
692 3737 764 3780 oum
783 3716 1058 3782 anathematismis
1072 3739 1169 3802 supra
1205 3717 1305 3796 mitis,
1319 3739 1350 3803 p.
1364 3718 1440 3780 801.

393 3799 508 3884 quibus
527 3799 697 3864 orientales
719 3801 857 3886 episcopi
876 3802 910 3867 in
928 3803 1049 3888 synodo
1064 3739 1268 3872 Antiooiena
1286 3802 1361 3867 anni
1376 3803 1440 3886 378

393 3886 657 3971 subscripserunt.
691 3886 854 3956 Hennam.
910 3888 1099 3974 Opinionem
1122 3888 1214 3963 hano,
1241 3909 1312 3973 quae
1339 3887 1440 3951 Henr.

395 3970 515 4035 Valasii
537 3977 595 4050 est,
616 3971 758 4056 praetulit
779 3972 872 4038 unsri
894 3974 1117 4060 Beveregianae
1138 3975 1180 4039 ab
1200 3972 1371 4038 Haeduino
1390 3973 1444 4038 hia

393 4056 574 4144 proposita,
588 4056 711 4158 (ianas,
723 4058 764 4123 de
778 4059 838 4122 hoo
853 4059 993 4124 Gonoilio
1007 4082 1105 4145 agens
1119 4060 1152 4124 in
1162 4060 1246 4124 Ht'st.
1258 4059 1327 4159 {2123
1339 4059 1443 4160 voinl.

393 4143 640 4308 {otiati
657 4151 710 4294 :t
730 4144 1000 4311 ⁸1i.i¹.ii‚⁰i.i¹¹i¹.i
1009 4143 1444 4311 ieiffiifflssiiiimtitiiiss

391 4315 463 4392 μίαν
486 4317 618 4395 asama,
643 4317 791 4393 ἐξουσίαν,
816 4319 1002 4391 δυναστείαν,
1020 4319 1074 4382 θνα.
1098 4340 1129 4403 p.
1145 4317 1218 4396 804.
1264 4315 1383 4382 Confer
1408 4321 1444 4380 et

392 4397 571 4486 Epistolam
586 4399 805 4490 episcoporum
818 4403 916 4470 CPol.
927 4403 972 4469 ad
983 4402 1212 4474 Oeeidentales.
1236 4401 1331 4472 oeae
1345 4400 1444 4488 perti-
