3316 5198
428 493 493 556 DE
517 491 919 557 PRAESCRIPTIONE
943 491 1072 555 ΗΕΒ.
1212 489 1277 558 139

225 665 373 738 liceret?
400 665 525 737 Latuit
542 665 675 758 aliquid
698 664 856 748 Petrum,
874 665 1092 737 aedilicandae
1109 664 1273 734 ecclesiae
1283 687 1357 737 uae.
1369 687 1419 736 xvi.

224 792 361 877 petram
388 784 535 866 dictum,
561 781 678 852 claves
707 783 808 876 regni
837 779 1007 852 coelorum
1033 788 1274 863 consecutum,

224 909 262 971 et
292 899 453 970 solvendi
482 908 520 969 et
550 898 718 992 alligandi
752 898 788 967 in
819 897 917 967 coelis
947 904 986 968 et
1014 899 1051 967 in
1080 899 1183 968 terris
1212 920 1275 990 po-

224 1017 416 1088 testatem?
446 1014 572 1088 Latuit
589 1024 627 1085 et
643 1014 820 1087 Joannem
843 1013 986 1107 aliquid,
1005 1013 1272 1085 dilectissimum
1281 1039 1355 1088 am.
1367 1039 1419 1087 ur.

196 1131 394 1215 5Domin0,
411 1131 547 1225 pectori
571 1131 647 1222 ejus
669 1130 909 1212 incubantem,
927 1131 985 1200 cui
1009 1128 1073 1200 soli
1098 1129 1274 1201 Dominus

223 1249 357 1320 Judam
387 1247 594 1319 traditorem
628 1247 922 1339 praemonstravit,
956 1269 1062 1338 quem
1097 1247 1175 1319 loco
1209 1269 1419 1320 snoroemrn.

224 1365 337 1436 lilium
356 1363 484 1434 Mariae
503 1362 753 1434 demandavit?
771 1363 868 1448 Quid
881 1385 942 1435 eos
957 1364 1136 1458 ignorasse
1148 1363 1271 1447 voluit,
1280 1383 1354 1433 roan.
1364 1383 1415 1433 xix.

224 1481 352 1573 quibus
372 1480 482 1552 etiam
507 1479 656 1574 gloriam
682 1501 782 1548 suam
806 1479 979 1562 exhibuit,
997 1487 1034 1550 et
1059 1479 1210 1574 Moysen
1234 1489 1426 1550 struunt-a.

225 1597 381 1679 Heliam,
399 1604 437 1666 et
458 1595 601 1687 insuper
617 1595 662 1665 de
679 1594 769 1665 coelo
792 1595 907 1668 Patris
929 1619 1064 1680 rocem,
1082 1619 1153 1668 non
1173 1595 1272 1688 quasi

180 1737 216 1778 ιο
225 1723 362 1784 ceteros
395 1712 597 1804 reprobans,
631 1711 694 1782 sed
727 1715 894 1804 quoniam
928 1713 967 1784 ia
997 1711 1106 1784 trabas
1135 1710 1272 1784 testibus
1280 1729 1418 1780 nutam

224 1827 325 1900 ambit
342 1825 625 1900 ammentum?
651 1827 909 1923 Ignoraverunt
925 1831 1045 1922 itaque
1063 1829 1179 1912 atilli,
1197 1830 1274 1921 qui-

225 1946 291 2017 bus
324 1953 405 2039 post
434 1945 729 2016 resurrectionem
759 1968 900 2038 qnoque
929 1947 966 2016 in
995 1947 1122 2016 itinere
1152 1967 1274 2016 omnes

225 2065 414 2156 scripturas
444 2064 636 2134 edisserere
667 2063 832 2157 dignatus
861 2062 944 2134 estl
988 2061 1139 2132 Dixerat
1169 2062 1274 2154 plane

225 2179 433 2273 aliqnando:
463 2177 582 2250 Malla
606 2176 710 2250 tabeo
735 2175 848 2249 addua
871 2175 964 2250 vobis
988 2176 1094 2273 loqui,
1120 2176 1181 2250 sed
1204 2201 1405 2256 nortmania.

181 2297 363 2390 rspotcstis
380 2294 480 2368 modo
497 2319 537 2366 ec
559 2296 727 2366 masticare
737 2320 749 2376 ‚·
775 2304 897 2366 tamen
919 2295 1095 2388 adjiciens,
1115 2291 1203 2369 Cum
1221 2305 1354 2366 oc-loen·
1366 2305 1416 2354 nr.

224 2411 316 2483 acolt
333 2409 391 2484 illc
407 2411 566 2508 Spiritus
583 2412 747 2494 veritatis,
766 2412 839 2507 ipse
855 2435 913 2483 cos
930 2411 1069 2484 deducet
1086 2411 1125 2482 ln
1141 2435 1273 2484 ornnem

224 2528 411 2613 ceritatem,
432 2529 590 2600 ostendit
611 2529 692 2600 illos
714 2528 803 2599 nihil
825 2530 1014 2623 ignorasse,
1031 2549 1119 2620 quos
1141 2551 1274 2599 omnem

224 2645 399 2716 smmum
435 2653 687 2717 consecuturos
722 2668 787 2738 per
819 2643 996 2740 Spiritum
1031 2644 1186 2717 caritatis
1221 2667 1276 2714 re-

223 2764 452 2856 promiserat:
483 2773 521 2834 et
555 2763 682 2854 utique
713 2762 876 2856 implevit
906 2764 1165 2856 repromissum,
1195 2783 1275 2856 pro-

177 2877 391 2949 aobantibus
424 2878 530 2949 Actis
569 2877 826 2971 Apostolorum
869 2881 1078 2950 descensum
1121 2877 1273 2972 Spiritus
1283 2893 1374 2944 sau

226 2995 360 3066 Sancti.
411 2995 528 3080 Quam
559 2996 770 3088 scripturam
800 2998 860 3088 qui
889 3019 962 3067 non
992 2997 1177 3089 recipiunt,
1206 3018 1273 3067 nec

227 3108 381 3203 Spiritus
408 3110 530 3182 Sancti
556 3133 634 3182 esse
659 3121 817 3204 possunt,
834 3112 895 3204 qni
920 3112 1074 3182 necdum
1101 3109 1275 3203 Spiritum

226 3225 399 3297 Sanctum
415 3228 551 3319 possint
568 3249 758 3322 agnoscere
776 3227 993 3304 ‹fisoentibus
1015 3229 1183 3310 missum;
1212 3228 1275 3298 sed

224 3365 291 3414 nec
316 3342 502 3414 ecclesiam
526 3345 726 3427 defendere,
744 3344 814 3436 qui,
838 3343 989 3436 quando,
1012 3352 1050 3414 et
1073 3342 1200 3436 quibus
1222 3344 1276 3414 in-

179 3459 408 3545 ascunalibus
438 3462 643 3533 institutum
674 3471 729 3533 est
758 3461 826 3532 hoc
855 3485 991 3554 corpus,
1021 3461 1169 3555 probare
1202 3483 1275 3531 non

99 3575 110 3606 ⁸
224 3575 370 3647 habent.
405 3576 510 3648 Tanti
528 3579 623 3649 enim
641 3586 696 3650 est
713 3577 783 3648 illis
799 3600 872 3648 non
895 3578 1026 3649 habere
1050 3577 1275 3670 probationes

224 3715 460 3787 eorumquae
487 3695 695 3778 defendunt,
718 3717 764 3765 ne
790 3695 922 3786 pariter
945 3695 1180 3765 admittantur
1204 3702 1275 3763 tra

224 3808 409 3881 ductiones
427 3835 561 3895 eorum,
579 3836 659 3906 quae
676 3811 909 3882 mentiuntur.

276 3923 486 4018 Proponunt
503 3951 588 4022 ergo
605 3929 651 4000 ad
674 3927 932 4022 suggillandam
956 3928 1190 4022 ignorantiam
1209 3925 1272 3996 ali·
1317 3955 1403 4004 cap.

176 4063 329 4132 30quam
364 4043 615 4136 apostolorum,
646 4043 741 4136 qnod
772 4043 909 4126 Petrus,
940 4052 978 4115 et
1010 4046 1070 4136 qui
1101 4066 1182 4114 cum
1217 4019 1409 4134 eofflffln'

224 4157 427 4250 reprehensi
444 4159 517 4230 sint
533 4182 555 4229 a
572 4159 696 4231 Panlo,
747 4159 862 4242 Adeo,
880 4161 1055 4251 inquiunt,
1072 4159 1205 4252 aliquid
1222 4158 1272 4230 eis

224 4273 359 4360 defuit;
377 4283 420 4346 ut
432 4298 478 4346 ex
491 4277 560 4348 hoc
577 4279 687 4349 etiam
703 4276 793 4347 illud
810 4284 958 4359 struant,
976 4277 1134 4368 potuisse
1150 4285 1275 4370 postea

224 4389 419 4482 pleniorem
454 4394 639 4465 scientiam
673 4395 908 4486 supervenire,
943 4392 1056 4486 qualis
1090 4393 1274 4464 obvenerit

717 4539 785 4603 rt
