3310 5224
389 467 433 529 14
622 469 653 532 S.
671 468 949 534 POLYCARPI
973 468 1214 534 EPISTOLA

386 635 568 744 ρευόμενοι
595 639 689 720 κατὰ
706 639 772 742 τὴν
790 640 961 742 ἀλήθειαν
977 650 1040 722 τοῦ
1063 643 1214 744 Κυρίου,
1235 640 1274 725 ὃς
1302 639 1440 745 ἐγένετο

388 765 549 852 διάκονος
575 766 735 850 πάντων·
765 767 794 878 ᾦ
823 769 885 850 ἐὰν
909 770 1206 874 εὐαρεστήσωμεν
1237 772 1275 849 ἐν
1299 776 1351 878 τῷ
1376 780 1440 851 νῦν

388 898 502 991 αἰῶνι,
525 894 793 1003 σἰπσληψόμεθα
820 902 879 977 καὶ
900 896 964 979 τὸν
990 896 1185 997 μέλλοντα,
1204 896 1322 980 καθὼς
1350 897 1436 977 ὑπέ-

388 1053 501 1124 σχετο
533 1023 617 1121 ἡμῖν
648 1027 777 1128 ἐγεῖραι
814 1027 905 1125 ἡμᾶς
942 1028 981 1105 ἐκ
1022 1033 1167 1129 νεκρῶν·
1200 1030 1259 1105 καὶ
1291 1025 1345 1104 ι”πι
1378 1023 1439 1106 ἐὰν
1482 1071 1496 1089 ·

225 1150 685 1248 rhun-toreumatum
716 1153 824 1258 ἀξίως
851 1153 974 1248 αὐτοῦ,
1005 1157 1064 1231 καὶ
1091 1151 1465 1252 συμβασιλεύσομεν5

389 1273 495 1381 αὐτῷ,
513 1275 584 1377 εἴγε
603 1277 830 1376 πιστεύομεν.
884 1280 1041 1378 Ὁμοίως
1063 1283 1122 1359 καὶ
1140 1279 1302 1382 νεώτεροι
1320 1282 1435 1378 ἄμεμ-

387 1433 473 1480 πτοι
498 1403 536 1480 ἐν
561 1411 663 1502 πᾶσι,
691 1404 762 1510 πρὸ
788 1405 923 1490 παντὸς
943 1415 1177 1509 προνοοῦντες
1205 1405 1357 1508 ἁγνείας,
1380 1410 1439 1486 καὶ

388 1537 719 1632 χαλιναγωγοῦντες
747 1533 891 1616 ἑαυτοὺς
916 1530 988 1612 ἀπὸ
1015 1531 1150 1616 παντὸς
1177 1542 1299 1613 κακοῦ.
1360 1539 1437 1612 Κα-

389 1649 457 1732 λὸν
483 1654 556 1758 γὰρ
582 1657 624 1736 τὸ
652 1657 918 1740 ἀνακόπτεσθαι
946 1659 1018 1740 ἀπὸ
1044 1667 1118 1738 τῶν
1140 1663 1334 1759 ἐπιθυμιῶν
1366 1667 1439 1738 τῶν

229 1781 427 1859 ¹P⁰¹·¹⁵·11·e'v
453 1787 505 1886 τῷ
534 1782 674 1894 κόσραρ·
705 1786 760 1865 ὅτι
790 1793 893 1867 πᾶσα
924 1788 1089 1886 ἐπιθυμία
1114 1784 1207 1865 κατὰ
1238 1795 1302 1866 τοῦ
1332 1785 1439 1867 πνεύ-
1454 1811 1487 1848 ¹0

227 1907 380 2022 :OQVW
387 1940 500 2006 ματος
523 1912 765 2013 στρατεύεται·
796 1919 855 1994 καὶ
885 1918 964 1996 οὔτε
988 1912 1129 2018 πόρνοι,
1160 1915 1240 1993 οὔτε
1269 1918 1438 2012 μαλακοὶ,

388 2037 468 2114 οὔτε
505 2037 752 2140 ἀρσενοκοῖται
786 2043 979 2136 βασιλείαν
1011 2048 1107 2123 θεοῦ
1138 2041 1434 2143 κληρονομήσου-

387 2194 460 2260 σιν,
493 2165 571 2244 οὔτε
600 2173 633 2245 oi
664 2176 847 2251 ποιοῦντες
878 2167 925 2247 τὰ
954 2170 1081 2250 ἄτοπα.
1141 2167 1210 2249 Διὸ
1243 2169 1323 2249 δεόν
1352 2168 1438 2248 ἀπέ-

386 2294 518 2390 χεσθαι
554 2289 626 2371 ἀπὸ
657 2293 803 2373 πάντων
834 2293 980 2394 τούτων,
1011 2298 1328 2396 ὑποτασσομένους
1364 2305 1438 2381 τοῖς

386 2417 643 2519 πρεσβυτέροις
680 2424 739 2500 καὶ
776 2418 959 2520 διακόνοις,
990 2426 1038 2508 ὡς
1069 2429 1152 2530 Θεῷ
1183 2430 1243 2504 καὶ
1272 2430 1435 2532 Χριστῷ·
1450 2442 1484 2503 ¹5

387 2538 452 2624 τὰς
478 2545 674 2646 παρθένους
691 2550 728 2628 ἐν
747 2548 883 2656 ἀμώμῳ
911 2552 970 2629 καὶ
989 2551 1081 2655 ἁγνῇ
1100 2551 1304 2652 συνειδήσει
1331 2585 1434 2654 περι-

387 2675 524 2749 πατεῖν.

443 2804 491 2890 ς’.
524 2805 598 2881 Καὶ
615 2810 648 2883 οἱ
671 2803 910 2908 πρεσβύτεροι
929 2802 967 2884 δὲ
985 2805 1244 2911 εὔσπλαγχνοι,
1263 2811 1312 2890 εἱς
1338 2805 1432 2886 πάν-

387 3060 482 3130 οἱῑιιιι,
506 3056 688 3116 ambulantes
712 3056 742 3113 in
768 3055 890 3114 veritate
931 3056 960 3115 di
983 3058 1019 3116 sb
1040 3060 1173 3116 omnibus
1194 3057 1436 3136 concupiscentiis

387 3140 518 3206 Domini,
530 3139 580 3217 qui
595 3137 745 3196 factusest
759 3136 891 3194 minister
931 3137 1050 3196 mundi:
1077 3140 1213 3215 quonism
1242 3137 1337 3196 omnis
1365 3158 1433 3195 con-

387 3221 535 3280 omnium:
569 3218 639 3276 ¹*cui
671 3219 694 3275 si
731 3217 892 3296 complace·
931 3219 1111 3296 cupiscentis
1136 3223 1287 3277 couversos
1309 3221 1435 3293 spiritum

387 3322 469 3362 smus
490 3303 521 3358 in
544 3300 598 3357 hoc
619 3298 726 3366 seculo,
749 3298 891 3376 percipie·
931 3301 1043 3356 nriiitot.
1068 3299 1147 3369 Quia
1161 3299 1268 3376 (lneque
1273 3299 1434 3376 fornicarii,

386 3402 451 3441 mus
474 3401 508 3440 es
532 3401 596 3460 quae
618 3380 719 3437 futura
742 3390 821 3444 sunt.
845 3398 889 3437 se-
930 3400 1015 3454 neque
1032 3383 1135 3450 nielles,
1153 3401 1239 3456 neque
1254 3384 1435 3438 insecutorum

387 3461 515 3522 cundum
526 3459 604 3539 quod
620 3459 784 3538 repromisit
795 3479 890 3518 resus-
932 3466 1116 3521 concubitores
1138 3482 1252 3537 regnum
1274 3463 1332 3518 Dei
1347 3464 1433 3536 possi·

387 3543 476 3602 citsre
490 3561 575 3599 noso
588 3539 726 3598 mortuis:
749 3540 814 3598 etsi
827 3540 891 3618 dig.
932 3544 1042 3611 debunt,
1057 3561 1152 3617 neque
1166 3542 1269 3601 illicito
1285 3541 1434 3600 facientes.

387 3643 425 3682 ne
448 3643 484 3682 eo
504 3621 665 3680 conversati
685 3619 838 3687 fuerimus,
860 3634 889 3679 et
932 3623 1057 3704 Propter
1071 3622 1149 3700 quod
1166 3622 1303 3681 abstineri
1318 3632 1435 3701 oportet

387 3703 411 3762 si
452 3702 669 3770 crediderimus,
712 3703 889 3775 conregnabi—
931 3703 966 3762 sb
981 3704 1116 3762 omnibus
1130 3704 1184 3761 his.
1210 3703 1341 3780 Subjecti
1357 3713 1435 3760 esto-

385 3804 444 3842 mur
458 3803 518 3841 cum
540 3803 579 3840 eo.
611 3781 742 3840 Juvenes
756 3781 890 3840 similiter
932 3794 961 3842 te
982 3785 1160 3864 presbyteris
1176 3795 1206 3842 et
1225 3783 1362 3850 diaconis,
1378 3783 1434 3841 sio-

385 3863 576 3943 inculpabiles
600 3862 659 3920 sint
684 3862 714 3919 in
737 3862 888 3921 omnibus:
932 3878 965 3922 ut
988 3866 1053 3923 Deo
1074 3877 1104 3922 et
1121 3863 1248 3922 Christo.
1285 3864 1433 3942 Virgines,

384 3965 500 4004 omnem
531 3942 723 4022 ignorantiam
758 3937 889 4021 bpraevi.
930 3944 1115 4004 immaculate
1135 3956 1166 4003 et
1186 3955 1265 4004 cssts
1286 3943 1433 4003 conscien-

385 4023 496 4094 dentes,
511 4025 693 4084 refrenantes
710 4043 740 4082 se
759 4023 795 4081 sb
809 4023 888 4081 omni
930 4025 971 4083 tis
986 4024 1141 4084 ambulate.

386 4104 470 4163 molo.
514 4105 630 4162 Bonum
645 4113 690 4162 est
704 4103 782 4162 enim
796 4104 889 4163 sbsci-
972 4105 1028 4164 v1.
1051 4105 1092 4164 Et
1107 4104 1268 4186 presbyteri
1289 4103 1434 4184 simplices

805 4256 1010 4306 BsSmr'ttiods't.

383 4343 680 4407 ιΑΙ.ὴνι“σιι’ρΙασιιιιιιι.
714 4345 944 4410 bntpmum.
979 4345 1168 4395 crumino.
1203 4345 1431 4408 drCor.vi.9,ro.
