3314 5190
423 492 489 558 274
800 490 832 552 S.
857 485 1093 552 CYPRIANI

424 663 611 735 aediculam
630 664 702 732 vim
719 669 831 734 tantae
848 662 1043 754 majestatis
1060 660 1263 732 includam?
1295 659 1339 730 In
1356 667 1477 732 nostra

425 780 640 851 dedicandus
670 789 724 849 est
753 786 886 860 mente,
916 779 953 847 in
987 785 1108 847 nostro
1138 775 1395 847 consecrandus
1421 782 1477 846 est

424 905 579 988 pectore.
624 893 705 966 Nec
722 916 853 964 nomen
871 891 950 963 Deo
968 915 1112 985 quaeras.
1157 891 1258 962 Deus
1274 913 1404 962 nomen
1421 899 1477 962 est

426 1011 487 1082 illi.
541 1010 621 1082 Illic
652 1009 832 1082 vocabulis
859 1033 948 1103 opus
975 1017 1029 1080 est
1056 1008 1118 1078 ubi
1148 1008 1297 1100 propriis
1322 1006 1479 1100 appella-

426 1130 565 1198 tionum
596 1128 792 1222 insignibus
819 1125 1014 1196 multitudo
1044 1124 1241 1194 dirimenda
1269 1131 1334 1194 est.
1386 1121 1504 1207 Deo‚5

426 1245 487 1334 qui
505 1242 600 1312 solus
617 1250 682 1325 est,
701 1242 770 1314 Dei
787 1239 1000 1312 vocabulum
1019 1248 1136 1310 toturn
1155 1237 1246 1334 (sor.
1265 1237 1394 1332 solum)
1411 1247 1477 1310 est.

428 1358 523 1452 Ergo
541 1381 632 1428 unus
649 1367 714 1440 est,
732 1366 770 1429 et
787 1357 919 1448 ubique
942 1358 1017 1448 ipse
1039 1354 1186 1426 diffusus
1207 1362 1272 1426 est.
1325 1354 1422 1425 Nam
1439 1361 1478 1424 et

427 1472 554 1568 vulgus
579 1475 616 1543 iu
641 1474 764 1544 multis
792 1474 910 1544 Deum
936 1472 1145 1543 naturaliter
1169 1471 1368 1555 confitetur,
1394 1495 1479 1543 eum

427 1613 528 1662 mens
545 1599 583 1662 et
599 1591 718 1660 anima
740 1591 793 1662 sui
811 1589 982 1660 Auctoris
999 1597 1037 1659 et
1060 1589 1233 1682 Principis
1254 1589 1478 1660 admonetur.

429 1705 510 1776 Dici
534 1706 738 1797 frequenter
760 1707 933 1788 audimus,
956 1703 1112 1789 ODeua,
1136 1714 1173 1775 et
1195 1703 1294 1778 Deua
1317 1703 1417 1788 videt,
1439 1712 1530 1776 etro

427 1819 505 1892 Deo
522 1820 726 1904 commendo,
745 1832 783 1892 et
794 1820 893 1892 Deus
911 1820 973 1892 tibi
989 1820 1121 1904 reddet,
1134 1830 1173 1891 et
1185 1819 1358 1916 quodvult
1370 1818 1478 1904 Deva,

429 1948 466 2008 et
491 1938 525 2008 ai
545 1935 644 2008 Deua
666 1936 807 2008 dederit.
863 1936 986 2029 Atque
1006 1938 1086 2010 lraec
1108 1945 1163 2008 est
1182 1960 1321 2009 summa
1347 1937 1479 2021 delicti,

429 2053 527 2126 uelle
545 2078 736 2149 agnoscere
752 2077 859 2146 quem
877 2054 1038 2147 ignorare
1054 2077 1126 2124 nou
1142 2055 1262 2146 possis.

479 2170 548 2241 VI.
579 2171 690 2254 Quou
723 2195 807 2242 vero
847 2169 1010 2241 Christus
1039 2171 1095 2251 sit,
1130 2179 1167 2241 et
1201 2171 1379 2263 quomodo
1415 2192 1480 2264 per

428 2288 545 2379 ipsum
574 2286 676 2357 uobis
710 2286 804 2358 salus
835 2286 980 2368 venerit,
1009 2287 1059 2356 sic
1089 2294 1144 2357 est
1172 2286 1267 2369 ordo,
1298 2287 1347 2357 sic
1378 2289 1478 2360 ratio.
1493 2309 1527 2370 15

428 2401 565 2472 Judaeis
590 2403 743 2493 primum
770 2411 846 2472 erat
871 2401 965 2494 apud
992 2400 1111 2472 Deum
1134 2404 1258 2496 gratia.
1310 2401 1370 2474 Sic
1393 2402 1479 2474 olim

422 2516 512 2608 justi
549 2525 658 2600 erant,
689 2517 739 2588 sic
768 2517 918 2610 majores
948 2540 1070 2588 eorum
1101 2517 1329 2612 religionibus
1359 2519 1480 2590 obedi·

429 2633 547 2702 ebant.
599 2632 690 2703 Inde
710 2632 780 2705 illis
803 2643 841 2704 et
864 2634 963 2726 regui
987 2634 1185 2706 sublimitas
1207 2634 1336 2719 floruit,
1358 2644 1396 2706 et
1417 2659 1478 2730 gc

429 2752 522 2821 ueris
538 2751 747 2844 magnitudo
768 2751 941 2843 provenit.
994 2749 1066 2821 Sed
1087 2750 1139 2819 illi
1159 2749 1399 2845 [negligentes
1419 2748 1475 2842 et]

430 2863 522 2960 (for.
563 2862 694 2937 deleted.
744 2863 821 2937 Vid.
856 2869 941 2959 not.)
976 2865 1227 2959 indisciplinati
1263 2875 1300 2936 et
1336 2867 1478 2960 superbi
1489 2893 1527 2934 20

429 2982 656 3075 postmodum
679 2981 774 3064 facti,
792 2991 830 3052 et
852 2981 982 3053 fiducia
1006 2990 1147 3075 patrum
1171 2983 1293 3066 inflati,
1317 2984 1404 3054 dum
1425 2984 1478 3054 di-

430 3099 512 3168 vina
531 3107 711 3191 praecepta
733 3106 977 3182 contemnunt,
1000 3099 1121 3169 datam
1142 3099 1207 3170 sibi
1228 3101 1379 3194 gratiam
1399 3123 1478 3192 per-

430 3216 605 3286 diderunt.
648 3215 767 3298 Quam
784 3237 868 3285 vero
886 3214 993 3285 fuerit
1010 3213 1080 3286 illis
1103 3215 1284 3308 prophana
1300 3219 1382 3300 vita,
1399 3239 1477 3310 quae

430 3339 613 3402 contracta
637 3332 683 3400 sit
708 3330 847 3402 violatae
873 3328 1052 3425 religionis
1077 3331 1218 3414 offensa,
1246 3332 1312 3425 ipsi
1337 3355 1478 3425 quoque

431 3455 618 3530 testantur,
648 3447 708 3537 qui
743 3447 811 3516 etsi
840 3469 928 3516 voce
962 3455 1092 3529 tacent,
1123 3448 1224 3518 exitu
1253 3449 1477 3518 confitentur.
1489 3473 1526 3534 25

432 3563 590 3657 Dispersi
607 3572 645 3633 et
667 3562 858 3655 palabundi
881 3571 1063 3657 vagantur,
1081 3563 1144 3634 soli
1170 3573 1207 3633 et
1228 3563 1307 3635 coeli
1329 3565 1383 3634 sui
1399 3587 1480 3656 pro-

432 3680 507 3775 fugi
536 3703 600 3773 per
629 3676 781 3771 hos'pitia
809 3678 926 3750 aliena
952 3680 1144 3772 jactantur.
1197 3677 1350 3750 Necnon
1379 3679 1480 3752 Deus

433 3804 516 3866 ante
542 3797 762 3888 praedixerat,
779 3796 854 3868 fore
880 3807 922 3866 ut
947 3805 1116 3890 vergente
1141 3795 1268 3868 saeculo
1293 3806 1331 3868 et
1356 3797 1481 3868 mundi

431 3913 502 3983 fine
520 3915 598 4006 Jam
622 3913 786 4005 proximo
809 3914 969 3983 exomni
992 3921 1100 4007 gente
1123 3921 1161 3983 et
1186 3911 1317 4006 populo
1340 3921 1378 3984 et
1401 3913 1481 3986 loco

431 4026 586 4100 cultores
620 4029 686 4100 sibi
722 4029 892 4123 allegeret
923 4029 1021 4100 Deus
1050 4027 1165 4099 multo
1195 4027 1351 4099 melioris
1380 4029 1532 4114 obse-30

432 4145 505 4233 quii
531 4153 569 4214 et
598 4144 680 4215 fidei
712 4145 875 4228 fortioris,
902 4146 962 4238 qui
993 4143 1252 4237 indulgentiam
1278 4143 1322 4214 de
1352 4143 1481 4218 divinis

431 4260 636 4331 muneribus
666 4259 856 4345 haurirent,
887 4286 993 4354 quam
1028 4269 1211 4354 acceptam
1245 4259 1365 4332 Judaei
1397 4285 1482 4334 eon-

431 4375 552 4443 temtis
570 4374 796 4465 religionibus
814 4379 1058 4469 perdidissent.
1095 4375 1213 4466 Hujus
1231 4376 1340 4469 igitur
1355 4377 1481 4469 gratiae
