3310 5224
393 516 589 581 CONTRA
612 515 848 580 HAERESIM
874 514 1035 580 NOETI.
1196 511 1239 581 69

190 687 378 772 ἀκουστός.
422 687 546 770 ’Όπου
578 678 667 794 ὃρᾷν
693 686 757 766 τὸν
788 687 909 789 Λόγον
937 685 1047 788 λέγει,
1079 682 1239 786 ἀνάγκην

190 817 261 921 ἔχω
277 813 460 896 πιστεύειν
478 813 608 918 ὁρατὸν
626 823 753 895 τοῦτον
771 814 1057 913 ἀπεσταλμένον·
1083 813 1147 893 οῦκ
1165 813 1237 893 ἅλ-

190 955 256 1027 λος
274 943 320 1045 ἦν
343 945 428 1022 ἀλλ’
453 941 477 1044 ἢ
501 944 521 1022 5
547 943 676 1045 Λόγος.
718 940 808 1021 Ὀτι
831 940 869 1021 δὲ
892 939 1119 1040 ἀπεστάλθη,
1141 975 1237 1044 μαρ-

189 1078 289 1174 τυρεῖ
303 1068 455 1174 Πέτρος,
472 1067 564 1174 πρὸς
582 1067 646 1149 τόν
663 1066 923 1173 ἑκατόνταρχον
943 1065 1149 1172 Κορνήλιον
1175 1067 1236 1146 λε’·

163 1230 277 1300 5γων,
303 1197 586 1304 Ἐξσπεστειλεν
614 1197 634 1275 5
662 1194 756 1281 θεὸς
783 1196 846 1276 τὸν
876 1196 999 1299 Λόγον
1026 1198 1135 1277 αι’ντοῦ
1167 1205 1241 1281 τοῖς

190 1329 275 1408 υἱοῖς
293 1321 448 1427 Ἰσραὴλ
467 1321 526 1402 διὰ
543 1321 771 1426 κηρύγματος
786 1326 911 1423 Ἰησοῦ
928 1329 1105 1428 Χριστοῦ.
1138 1324 1240 1409 οὗτός

189 1455 290 1532 ε’στιν
314 1453 334 1530 5
359 1449 454 1535 Θεὸς
479 1453 499 1530 5
521 1449 667 1531 πάντων
694 1450 837 1555 Κύριος.
899 1457 944 1531 Εἰ
969 1451 1008 1532 δὲ
1032 1453 1095 1532 οῦν
1120 1450 1240 1556 Λόγος

190 1579 455 1660 ἀποστέλλεται
482 1577 542 1658 διὰ
573 1580 697 1678 Ἰησοῦ
730 1584 906 1681 Χριστοῦ,
934 1577 976 1659 τὸ
1008 1578 1150 1680 θέλημα
1177 1588 1241 1660 τοῦ

191 1705 336 1811 Πατρός
355 1707 455 1786 ε’στιν
473 1707 615 1806 Ἰησοῦς
632 1704 807 1808 Χριστός.

145 1877 181 1916 ιο
246 1832 303 1913 ιῦ.
334 1839 461 1913 Ταῦτα
478 1832 542 1932 μὲν
567 1833 631 1911 οὖν
654 1834 807 1940 ἀδελφοὶ
832 1836 1073 1934 σημαίνουσιν
1090 1841 1127 1914 αἱ
1145 1870 1236 1940 γρα·

189 1963 268 2068 φσλ,
293 1959 427 2060 ταύτην
451 1957 517 2059 τὴν
540 1959 742 2056 οἰκονομίαν
766 1963 1014 2065 παραδίδωσιν
1032 1963 1116 2061 ἡμῖν
1140 1966 1198 2042 καὶ
1220 1965 1241 2042 5

189 2085 360 2190 μακάριος
377 2086 545 2188 Ἰωάννης
562 2089 601 2166 ἐν
624 2087 840 2195 Εὐαγγελίῳ
857 2094 1057 2192 μαρτυροῦν,
1077 2091 1134 2169 καὶ
1153 2097 1236 2168 τοῦ·

190 2249 255 2294 τον
266 2213 331 2295 τὸν
344 2212 466 2317 Λόγον
484 2212 579 2295 θεὸν
598 2216 771 2316 ὁμολογεῖ
785 2214 897 2299 οὕτως
915 2215 1044 2318 λέγων,
1061 2216 1129 2296 Ἐν
1146 2220 1241 2323 ἀρχῇ

188 2340 236 2442 ἦν
263 2344 283 2422 5
312 2341 442 2444 Λόγος,
471 2345 530 2421 καὶ
557 2343 577 2420 5
609 2341 729 2445 Λόγος
756 2339 802 2443 ἦν
831 2343 923 2446 πρὸς
954 2342 1019 2424 τὸν
1049 2343 1153 2441 θεὸν,
1181 2348 1241 2425 καὶ

143 2505 179 2565 15
191 2467 284 2552 Θεὸς
301 2467 347 2569 ἦν
364 2470 385 2548 5
405 2467 537 2571 Λόγος.
578 2474 624 2549 Εἰ
642 2469 680 2549 δὲ
698 2464 796 2549 οὖνὸ
815 2469 937 2572 Λόγος
950 2470 1042 2574 πρὸς
1053 2470 1117 2552 τὸν
1133 2470 1239 2570 Θεὸν,

190 2595 284 2684 θεὸς
307 2595 368 2696 ὧν,
387 2598 425 2677 τί
444 2598 508 2678 οὖν
531 2597 680 2705 φήσειεν
701 2598 746 2678 ἄν
769 2632 833 2695 τις,
852 2597 916 2678 δύο
941 2598 1062 2702 λέγειν
1082 2607 1152 2696 (for.
1172 2597 1235 2679 λε’-

189 2737 278 2830 γεις)
309 2726 451 2823 Θεούς;
483 2727 547 2808 δύο
574 2725 640 2825 μὲν
667 2726 731 2804 οὐκ
758 2727 827 2828 ε’ρῶ
856 2725 970 2810 Θεοῦς
997 2728 1084 2806 ἀλλ’
1113 2725 1136 2830 ἢ
1170 2730 1241 2825 ἕνα,

190 2851 373 2957 πρόσωπα
397 2851 437 2932 δὲ
465 2854 543 2952 ulo,
568 2853 771 2951 οἰκονομίαν
792 2854 864 2952 (for.
885 2853 1084 2961 οἰκονομίᾳ)
1105 2854 1144 2935 δὲ
1161 2855 1238 2958 τρί·

190 3016 266 3082 την,
292 2979 358 3081 τὴν
386 2979 492 3086 χάριν
519 2989 583 3061 τοῦ
611 2981 716 3081 ἁγίου
745 2980 964 3080 Πνεῦματος.
1023 2979 1154 3084 Πατὴρ
1177 2980 1243 3081 μέν

190 3190 328 3251 audibile.
369 3189 582 3263 Quando·‹'.icit
596 3191 694 3249 videre
735 3189 856 3250 uideant
867 3192 950 3251 nubis
960 3192 1121 3271 scriptume.
1155 3189 1241 3248 Hunc

192 3271 335 3339 Verbum,
357 3291 472 3331 neeesse
495 3283 540 3330 eet
564 3273 634 3329 mihi
660 3281 694 3328 ut
737 3271 935 3340 oeconomiam
958 3272 989 3331 id
1010 3283 1064 3340 est,
1085 3270 1242 3330 incarnati.

191 3352 318 3419 στοάοαι,
330 3354 408 3411 hunc
418 3351 561 3412 visibilem
576 3353 696 3411 missum
737 3369 822 3409 onem
841 3353 932 3411 tradit
955 3352 1038 3411 uobis
1058 3351 1188 3410 Jounnes
1211 3350 1241 3409 in

191 3453 265 3493 esse.
307 3433 420 3491 Missus
446 3443 543 3491 autem
569 3442 697 3491 nonest
738 3430 911 3510 Evangelio,
930 3432 1099 3493 testimonio
1116 3452 1189 3501 su03
1212 3441 1242 3490 et

191 3513 267 3572 aliur
280 3533 367 3590 quem
380 3513 521 3572 Verbum.
544 3513 633 3584 Quod
644 3533 695 3571 au·
737 3511 793 3570 hoc
806 3513 939 3573 Verbum
961 3513 1118 3572 confitetur
1134 3511 1242 3579 Deum,

191 3604 251 3653 tem
271 3594 391 3652 missum
410 3594 477 3660 fuit,
492 3604 618 3654 testetur
640 3593 695 3652 Pe·
738 3592 940 3671 uiuinquieuu:
956 3593 1014 3652 bIn
1025 3592 1170 3672 principio
1181 3601 1243 3650 erat

191 3683 344 3744 trus,uum
356 3673 432 3733 dixit
446 3673 697 3734 comelioeentu-
743 3673 873 3744 Verbum,
889 3684 915 3733 et
940 3675 1061 3734 Verbum
1083 3682 1145 3732 erat
1164 3673 1245 3751 apud

191 3754 284 3812 rioni:
324 3754 434 3813 αΜὶτὶι
462 3755 545 3813 Deus
577 3754 698 3814 Verbum
740 3754 844 3822 Deum,
856 3765 881 3813 et
892 3756 1045 3814 Ποντικοί
1059 3754 1189 3814 Verbum.
1210 3752 1243 3811 Si

191 3835 356 3910 suumfiliis
364 3834 463 3894 Israel
471 3855 524 3913 per
530 3835 696 3914 praedicati.
737 3855 807 3914 ergo
817 3835 951 3895 Verbum
966 3849 1028 3895 erat
1039 3835 1116 3914 apud
1132 3835 1242 3900 Deum,

191 3935 270 3974 στιιπι
298 3915 370 3976 Jesu
402 3914 522 3974 Christi.
566 3916 628 3975 Hic
656 3924 696 3974 ert
738 3927 768 3974 et
783 3917 866 3975 Deus
880 3927 951 3983 erat,
967 3915 1039 3994 quid
1052 3919 1144 3994 ergo?
1167 3913 1245 3972 dicet

193 3995 276 4054 Deus
284 3996 405 4054 omnium
416 3996 569 4055 Dominus.
585 3997 618 4056 si
628 4017 698 4074 ergo
738 4017 776 4054 ne
787 3996 892 4076 aliquis
903 3997 999 4056 dicere
1013 3996 1034 4053 J
1035 4015 1159 4055 oannem
1170 3993 1245 4052 duou

103 4075 109 4086 '
194 4074 324 4134 Verbum
357 4077 486 4135 mittitur
513 4098 565 4156 per
593 4076 697 4137 Jeeum
739 4076 841 4136 Deos?
871 4079 956 4136 Duos
977 4076 1094 4154 quidem
1118 4095 1178 4134 nou
1200 4074 1243 4132 di-

192 4155 353 4222 Cbrintum,
376 4155 510 4216 voluntas
536 4158 633 4217 Putris
653 4167 698 4216 est
739 4177 811 4224 cam,
823 4158 875 4217 sed
890 4177 980 4216 uuum
991 4180 1000 4228 ς
1025 4175 1162 4235 personas
1176 4175 1245 4216 vero

193 4234 280 4295 λοισι
295 4237 439 4297 Christus.
739 4237 821 4308 duus,
836 4238 1024 4298 oeconomiam
1039 4238 1165 4306 tertiam,
1179 4257 1245 4315 gru·

225 4316 698 4398 XIV.Haecigitur,fratres‚sig-
740 4319 811 4378 tium
826 4319 891 4380 dico
902 4319 1003 4378 Sancti
1015 4318 1154 4399 Spiritus.
1188 4318 1245 4375 Pa-

394 4473 408 4502 ⁸
419 4463 504 4513 Actor.
516 4479 542 4511 x.
552 4463 593 4524 36.
901 4464 984 4514 woh,
996 4465 1012 4513 i.
1028 4478 1047 4512 r.
