3294 5192
381 473 447 539 378
800 465 1020 530 CANONES

381 641 496 746 τάζειν
523 641 589 742 τὴν
615 641 825 745 προαίρεσιν
852 641 911 718 καί
942 635 986 718 τὸ
1018 632 1109 721 εἰδος
1139 641 1203 736 τῆς
1230 637 1429 737 μετανοίας.

381 771 464 852 ὅσοι
487 769 552 870 μὲν
570 767 642 872 γὰρ
660 769 718 848 καί
738 764 845 875 φόβῳ
863 769 923 846 καὶ
942 763 1095 868 δοίκρυσι
1113 767 1172 844 καί
1191 767 1351 868 ὑπομονῇ
1372 766 1432 844 καὶ

380 898 639 1001 ἀγαθοεργίαις,
656 892 724 995 τὴν
750 893 975 1000 ἐπιστροφὴν
999 892 1092 1000 ἔργῳ
1120 895 1178 972 καί
1205 893 1247 971 orl
1271 890 1432 997 σχήματι

378 1026 640 1121 ἐπιδείκνυνται,
673 1022 770 1103 οὗτοι
806 1021 1067 1126 πληρώσαντες
1099 1017 1163 1099 τὸν
1200 1017 1332 1124 χρόνον
1367 1015 1432 1097 τὸν

378 1151 579 1257 ὡρισμένον
596 1155 660 1250 τῆς
686 1149 902 1254 ἀκροάσεως,
921 1145 1063 1230 εἰκότως
1081 1153 1154 1226 τῶν
1172 1148 1285 1250 εὐχῶν
1301 1175 1458 1237 torvo-5

378 1279 544 1380 νήσουσι,
562 1277 653 1378 μετὰ
676 1287 740 1359 τοῦ
766 1277 894 1385 ε’ξείναι
926 1280 978 1381 τῷ
1003 1270 1190 1381 ἐπισκόιτῳ
1212 1277 1272 1353 καὶ
1293 1277 1428 1377 φιλαν-

376 1404 603 1511 θρωπότερόν
635 1440 670 1486 τι
701 1407 783 1509 περὶ
815 1405 932 1484 αὐτῶν
963 1399 1250 1497 βουλεύσασθαι,
1279 1397 1362 1478 ὅσοι
1391 1395 1430 1476 δὲ

376 1531 581 1641 ἀδιαφόρως
608 1533 772 1636 ἤνεγκαν,
800 1533 858 1611 καί
886 1527 929 1609 τὸ
957 1533 1085 1634 σχῆμα
1112 1537 1176 1608 τοῦ
1209 1527 1354 1607 εἰσιέναι
1382 1531 1431 1610 εἰς

376 1659 443 1763 τὴν
474 1663 669 1762 ἐκκλησίαν
701 1663 819 1763 ἀρκεῖν
856 1661 991 1740 ἑαυτοῖς
1024 1655 1210 1758 ἡγήσαντο
1241 1651 1333 1758 πρὸς
1362 1651 1431 1752 τὴν

377 1789 638 1895 ε’ττιοτρέφειαν,
657 1787 701 1894 ἐξ
716 1785 873 1868 ἅπαντος
889 1782 1156 1888 ττληροιίτωσαν
1176 1781 1240 1862 τὸν
1260 1781 1401 1890 χρόνον.
1442 1811 1479 1851 10

757 2027 958 2103 KANuN
990 2027 1050 2102 11¹.

433 2173 526 2273 Περὶ
553 2168 592 2249 δὲ
618 2174 691 2248 τῶν
720 2164 966 2273 ἐξοδευόντων,
998 2163 1199 2249 ὁπαλαιίις
1228 2167 1288 2244 καὶ
1319 2196 1425 2243 κανο-

376 2295 471 2380 νικὸς
486 2296 594 2396 νόμος
609 2293 886 2402 φυλαχθῆσεται
899 2299 959 2375 καὶ
973 2303 1045 2392 νῦν,
1057 2290 1153 2373 ὥστε
1166 2292 1251 2377 εἴτις
1264 2287 1429 2398 ἐξοδεόοι,

374 2430 438 2502 τοῦ
463 2424 666 2502 τελευταίου
695 2425 753 2502 καὶ
777 2420 1060 2525 ἀναγκαιοτάτου
1084 2422 1227 2529 ἐφοδίου
1255 2418 1307 2519 μὴ
1331 2419 1425 2497 ἀπο-

373 2555 592 2651 στερεῖσθαι.
627 2553 656 2627 εἰ
684 2547 723 2627 δὲ
750 2550 999 2651 ἀπογνωσθείς
1024 2551 1084 2629 καὶ
1108 2548 1292 2630 κοινωνίας
1315 2543 1428 2626 πάλιν
1441 2581 1452 2620 ι
1459 2580 1477 2638 5

373 2672 502 2779 τυχὼν,
520 2671 633 2756 πόλιν
650 2677 688 2753 ἐν
705 2681 780 2758 τοῖς
804 2674 914 2778 ζῶσιν
939 2675 1127 2784 ἐξετασθῇ,
1146 2673 1237 2776 μετὰ
1258 2681 1331 2754 τῶν
1349 2707 1425 2753 κοι·

377 2801 584 2884 νωνοιίντων
611 2807 675 2903 τῆς
703 2804 808 2908 εὐχῆς
833 2801 945 2903 μόνης
976 2803 1084 2884 ἔστω.
1118 2799 1276 2883 καθόλου
1305 2798 1430 2882 δὲκαὶ

374 2933 456 3034 περὶ
473 2929 608 3016 παντὸς
628 2932 837 3010 οὑτινοσοῦν
857 2928 1081 3036 ἐξοδεύοντος
1105 2937 1287 3014 αἰτοῦντος
1305 2927 1343 3009 δὲ
1359 2961 1424 3028 με·

375 3191 499 3270 speciem
531 3191 712 3270 poenitentiae
743 3191 879 3250 convenit
923 3189 1016 3250 modis
1031 3191 1166 3251 omuibus
1186 3201 1302 3271 tempus
1322 3189 1426 3270 imple-

374 3271 536 3350 explorare‚
547 3283 692 3349 quotquot
706 3273 783 3330 enim
798 3281 879 3329 metu
922 3281 982 3331 ont.

375 3362 405 3409 et
428 3349 593 3446 lachrymis,
618 3363 706 3430 atque
727 3352 879 3431 patientia,
1040 3351 1193 3412 CANON
1214 3351 1306 3410 XIII.

376 3431 422 3488 vel
449 3432 532 3490 bomo
559 3433 695 3512 operibus
722 3433 809 3491 rebus
836 3432 879 3511 ip·
963 3433 1010 3492 De
1025 3433 1079 3504 his,
1094 3434 1146 3512 qui
1165 3432 1329 3492 aderitum
1343 3431 1426 3490 veui-

375 3511 414 3568 sis
448 3513 664 3572 conversionem
693 3531 785 3580 suem,
820 3533 879 3570 non
922 3523 986 3584 unt,
1015 3514 1102 3572 etium
1130 3533 1209 3572 nuno
1232 3512 1281 3571 lex
1306 3512 1427 3589 antiquo

375 3591 590 3651 simulationem
607 3591 825 3651 demonutrnnt:
848 3593 878 3651 hi
921 3593 1119 3672 regularisque
1133 3593 1306 3662 servabitur,
1323 3593 1375 3660 ito,
1391 3603 1426 3650 ut

376 3671 529 3730 delinitum
567 3685 684 3752 tempus
722 3672 879 3732 auditionis
921 3675 1012 3752 niquis
1024 3674 1173 3753 egreditur
1193 3695 1210 3733 e
1230 3693 1360 3752 corpore,
1378 3671 1425 3731 ul·

377 3751 542 3830 implentes,
564 3763 627 3812 tum
646 3753 764 3812 demum
786 3753 880 3813 fideli·
922 3755 995 3814 timo
1013 3766 1044 3814 et
1063 3755 1224 3814 necessario
1244 3753 1350 3812 viatico
1371 3753 1425 3812 mi-

376 3833 432 3890 buo
453 3833 484 3890 in
503 3832 634 3892 oratione
655 3834 879 3902 communicent,
922 3835 999 3894 nime
1014 3835 1154 3915 privetur.
1183 3833 1308 3908 Quodsi
1321 3833 1424 3912 despe-

377 3914 562 3991 postmodum
592 3933 661 3972 vero
691 3912 792 3973 licebit
818 3916 881 3993 epi·
921 3925 1011 3986 ratus,
1026 3925 1057 3974 et
1071 3927 1243 3975 consecutus
1262 3913 1425 3973 communi·

377 4014 465 4074 scopo
478 3993 515 4053 de
531 3995 577 4053 his
595 3993 706 4072 aliquid
725 3994 880 4055 humanius
921 4016 1006 4054 onem
1034 3995 1247 4074 oblationisque
1279 3995 1425 4074 particeps

376 4075 512 4152 cogitare.
548 4075 725 4153 Quicunque
745 4096 814 4135 vero
833 4076 879 4134 in·
920 4076 1025 4144 fuctus,
1041 4077 1147 4136 iterum
1163 4075 1361 4137 convaluerit:
1385 4074 1424 4133 sit

375 4153 543 4215 differenter
558 4155 700 4223 tulerunt,
716 4168 747 4215 et
766 4156 878 4216 editum
920 4157 997 4216 iuter
1024 4178 1083 4226 eoo,
1110 4157 1162 4236 qui
1190 4156 1424 4216 communionem

374 4234 542 4295 introeundi
562 4237 712 4295 ecclesiam
729 4238 783 4296 eibi
802 4239 878 4296 arbi·
919 4239 1059 4297 orationis
1088 4236 1292 4296 tantummodo
1323 4254 1424 4295 conse·

373 4316 443 4374 troti
480 4326 549 4375 sunt
587 4316 624 4376 od
660 4318 876 4377 conversionem
918 4318 1422 4396 quuntur.Generaliteruutemom·

373 4415 457 4475 posce
490 4398 630 4464 sufficere,
659 4397 688 4454 hi
722 4398 876 4457 definitum
918 4393 1424 4478 nicuilibetinexitupocitmet‘pcs-
