3316 5198
374 467 439 530 140
726 463 1067 528 TERTULLIANI

211 649 270 700 Aa«
281 649 316 696 ¹¹·
378 639 490 711 Paulo
507 639 778 732 reprehendenti
799 646 1048 710 antecessores.
1100 635 1292 708 Possumus
1309 644 1347 706 et
1363 636 1423 707 hic

378 756 474 827 Acta
498 754 754 849 Apostolorum
780 754 1046 847 repudiantibus
1072 753 1209 824 dicere:
1235 754 1334 845 prius
1358 761 1424 835 est,

376 874 430 943 uti
456 871 650 942 ostendatis
678 872 756 963 quis
785 872 852 942 iste
879 869 1022 953 Paulus,
1049 876 1088 940 et
1116 869 1201 962 quid
1232 877 1315 939 ante
1342 891 1427 960 apo-

377 987 519 1070 stolum,
537 996 575 1057 et
595 987 772 1079 quomodo
794 986 996 1079 apostolus:
1026 993 1200 1078 quatenus
1218 993 1255 1054 et
1277 985 1363 1054 alias
1380 985 1424 1054 ad

378 1104 591 1197 quaestiones
615 1102 808 1195 plurimum
834 1124 877 1172 eo
903 1109 1063 1171 utuntur.
1115 1100 1246 1193 Neque
1271 1102 1366 1170 enim
1396 1099 1425 1168 si
1436 1122 1453 1184 5

264 1229 296 1278 ·i·
379 1221 454 1312 ipse
479 1242 517 1289 se
542 1218 742 1312 apostolum
764 1220 808 1290 de
830 1226 1055 1311 persecutore
1078 1218 1274 1311 profitetur,
1298 1215 1427 1286 sufficit

283 1363 324 1396 ·v·
379 1338 569 1428 unicuique
586 1337 787 1407 examinate
810 1334 978 1417 credenti,
1003 1336 1143 1426 quando
1161 1356 1227 1404 nec
1251 1331 1428 1402 Dominus

380 1453 456 1546 ipse
483 1454 528 1524 de
553 1475 591 1524 se
618 1453 863 1523 testimonium
890 1451 1031 1521 dixerit.
1083 1450 1157 1521 Sed
1181 1449 1327 1520 credant
1353 1449 1428 1518 siue

382 1569 572 1661 scripturis,
606 1579 648 1639 ut
682 1570 828 1640 credant
861 1569 1027 1639 adversus
1056 1569 1267 1660 scripturas:
1307 1574 1429 1636 tamen

382 1685 534 1754 doceant
559 1707 605 1754 ex
631 1708 683 1768 eo,
710 1687 805 1777 quod
830 1684 986 1777 allegant
1012 1684 1160 1755 Petrum
1186 1709 1207 1755 a
1235 1684 1347 1755 Paulo
1376 1707 1431 1753 re-
1445 1707 1479 1748 ιο

382 1800 605 1893 prehensum,
632 1801 738 1870 aliam
761 1802 934 1896 evangeiii
957 1803 1108 1873 formam
1131 1825 1153 1873 a
1176 1801 1288 1873 Paulo
1311 1823 1432 1894 super-

383 1919 538 2001 ductam,
573 1919 663 1989 citra
702 1941 792 2000 eam,
826 1941 932 2010 quam
970 1921 1189 2010 praemiserat
1232 1917 1360 1988 Petrus
1394 1924 1431 1986 et

289 2048 323 2096 ix·
383 2036 504 2105 ceteri.
555 2034 670 2126 Atqui
698 2036 901 2105 demutatus
931 2037 968 2105 in
990 2037 1258 2128 praedicatorem
1283 2035 1328 2104 de
1355 2056 1433 2126 per-

385 2160 556 2234 secutore,
586 2152 774 2222 deducitur
800 2152 846 2222 ad
873 2152 998 2224 fratres
1022 2175 1044 2222 a
1069 2152 1245 2234 fratribus,
1271 2159 1312 2220 ut
1342 2173 1434 2220 unus

288 2277 314 2322 ⁵⁵·
386 2290 433 2338 ex
462 2267 637 2349 fratribus,
666 2277 703 2337 et
733 2268 777 2337 ad
807 2266 887 2338 illos
914 2269 960 2338 ab
990 2267 1070 2350 iliis,
1101 2269 1162 2359 qui
1191 2267 1237 2337 ab
1266 2265 1480 2359 apostolis15

385 2383 493 2453 fidem
510 2384 708 2453 induerant.
743 2382 894 2467 Dehinc,
907 2385 999 2454 sicut
1015 2386 1091 2477 ipse
1109 2393 1258 2466 enarrat,
1276 2382 1435 2452 ascendit

386 2496 671 2592 Hierosolymam
701 2500 935 2594 cognoscendi
967 2501 1065 2571 Petri
1095 2522 1210 2583 causa,
1241 2521 1287 2570 ex
1318 2499 1434 2569 officio

386 2626 424 2686 et
440 2617 522 2707 jure
544 2615 679 2688 scilicet
697 2615 855 2709 ejusdem
872 2616 955 2687 fidei
972 2625 1010 2688 et
1031 2617 1298 2710 praedicationis.
1335 2615 1432 2685 Nam

386 2741 424 2803 et
453 2732 603 2803 illinon
633 2742 750 2804 essent
780 2733 944 2803 admirati
969 2734 1014 2804 de
1044 2741 1268 2826 persecutore
1298 2733 1434 2803 factum

386 2849 665 2942 praedicatorem,
683 2851 712 2919 si
732 2849 865 2942 aliquid
882 2851 1098 2922 contrarium
1116 2849 1344 2942 praedicaret3
1368 2871 1434 2918 nec
1447 2872 1485 2911 20

390 2963 584 3036 Dominum
628 2975 801 3059 praeterea
849 2966 1144 3060 magnificassent,
1189 2967 1271 3058 quia
1314 2967 1437 3036 adver-

291 3098 333 3174 ix..
389 3082 499 3152 sarius
524 3083 600 3173 ejus
627 3081 757 3152 Paulus
781 3083 983 3153 obvenerat.
1035 3083 1162 3174 Itaque
1188 3092 1226 3154 et
1252 3083 1435 3154 dexteram

274 3178 342 3278 ff
389 3199 423 3268 ei
457 3198 641 3282 dederunt,
675 3200 815 3293 signnm
850 3198 1047 3272 concordiae
1081 3207 1119 3268 et
1156 3200 1436 3272 convenientiae:

390 3324 428 3384 et
452 3317 545 3385 inter
570 3338 608 3386 se
634 3315 919 3387 distributionem
945 3313 1050 3385 officii
1078 3314 1339 3398 ordinavemnt,
1367 3337 1439 3385 non

389 3432 646 3523 separationem
681 3431 878 3525 evangelii:
922 3453 987 3500 nec
1025 3440 1068 3501 ut
1104 3430 1202 3500 aliud
1242 3431 1341 3513 aiter,
1376 3431 1438 3501 sed
1451 3458 1486 3520 25

389 3554 431 3616 ut
455 3547 533 3617 aliis
555 3546 645 3618 alter
667 3548 886 3640 praedicaret,
911 3545 1039 3619 Petrus
1064 3548 1439 3630 incircumcisionem,

391 3662 523 3734 Paulus
557 3664 594 3732 iu
629 3665 800 3734 nationes.
852 3662 1022 3736 Ceterum
1056 3665 1085 3735 si
1120 3663 1352 3757 reprehensus
1386 3673 1441 3735 est

393 3778 530 3861 Petrus,
555 3778 660 3872 quod,
678 3801 761 3850 cum
787 3778 1001 3848 convixisset
1024 3778 1185 3862 ethnicis,
1208 3787 1332 3872 postea
1357 3801 1395 3849 se
1420 3803 1442 3848 a

391 3896 557 3966 convictu
598 3913 722 3964 eorum
762 3895 948 3986 separabat
987 3918 1215 3988 personarum
1254 3904 1440 3988 respectu:

391 4013 516 4105 utique
553 4012 828 4082 conversationis
866 4013 934 4082 fuit
975 4015 1111 4096 vitium,
1156 4037 1227 4084 non
1272 4013 1441 4106 praedica-
1453 4049 1491 4107 30

392 4131 508 4200 tionis.
554 4128 639 4200 Non
657 4129 751 4200 enim
769 4151 816 4199 ex
833 4129 901 4200 hoc
918 4129 1008 4200 alius
1029 4130 1139 4213 Deus,
1157 4153 1264 4223 quam
1285 4128 1441 4211 Creator,

392 4253 430 4314 et
450 4244 541 4318 alius
559 4246 731 4330 Christus,
749 4269 856 4338 quam
876 4269 922 4317 ex
942 4243 1069 4330 Maria,
1088 4256 1125 4318 et
1142 4247 1212 4318 alia
1228 4269 1317 4339 spes,
1335 4269 1442 4338 quem

392 4362 602 4431 resurrectio
619 4361 904 4432 annuntiabatm.
