3316 5198
401 505 465 568 DE
488 501 888 568 PRAESCRIPTIONE
913 502 1038 566 HAER.
1182 502 1247 571 149

197 677 362 760 scribens,
380 677 560 748 invehitur
576 679 613 748 in
636 677 879 747 observatores
896 685 934 746 et
957 675 1158 746 defensores
1182 675 1248 745 cir-

198 794 420 865 cumcisionis
447 801 485 862 et
510 791 618 887 legis:
645 791 820 863 Hebionis
845 791 988 862 haeresis
1013 799 1078 861 est.
1130 789 1269 861 Timo-1
1285 804 1396 883 remp.

198 909 324 979 thenm
365 910 543 978 instmens
583 910 787 1000 nuptiarum
826 931 966 1000 qnoque
1003 908 1249 980 interdictores
1258 870 1356 984 ffl,
1364 884 1389 916 ¹¹’

199 1023 387 1119 suggillat:
424 1025 476 1094 ita
504 1024 697 1094 instituunt
728 1020 901 1106 Marcion,
929 1032 967 1093 et
996 1021 1145 1114 Apelles
1174 1022 1251 1115 ejus

173 1149 350 1226 saecutor.
403 1139 519 1231 AEque
536 1142 652 1234 tangit
672 1162 742 1223 eos,
760 1141 821 1232 qui
850 1141 1009 1210 dicerent
1026 1140 1157 1210 factam
1173 1139 1251 1230 jam

201 1257 515 1328 resurrect-ionem:
550 1255 587 1326 id
614 1256 658 1326 de
688 1277 726 1326 se
757 1255 1002 1328 Valentiniani
1032 1256 1251 1326 adseverant.

202 1371 274 1442 Sed
305 1379 343 1442 et
378 1373 460 1442 cuni
494 1370 718 1465 genealogias
755 1371 1045 1442 indeterminatas
1081 1371 1274 1452 nominata
1290 1379 1382 1430 Tini-
1395 1391 1419 1438 4-

204 1487 419 1558 Valentinus
442 1487 663 1580 agnoscitur:
691 1488 786 1580 apud
807 1510 914 1580 quem
937 1487 1030 1558 AEon
1052 1486 1113 1558 ille
1134 1488 1253 1558 nescio

203 1608 262 1699 qui
289 1607 371 1676 novi
398 1615 435 1676 et
462 1629 534 1674 non
559 1606 664 1676 unius
686 1607 848 1690 nominis,
865 1617 1012 1701 generat
1036 1629 1056 1677 e
1084 1629 1148 1677 sua
1172 1605 1256 1676 cha-

159 1753 194 1792 ro
205 1724 272 1794 rite
289 1745 431 1793 sensum
449 1731 487 1792 et
504 1723 712 1805 veritatem
736 1730 773 1792 et
790 1721 825 1791 hi
844 1745 947 1814 aeque
963 1731 1149 1816 procreant
1166 1722 1255 1792 duos

205 1861 401 1909 sermonem
428 1844 467 1907 et
492 1838 622 1908 vitam:
649 1835 776 1908 dehinc
801 1846 838 1908 et
861 1840 919 1908 isti
944 1846 1117 1932 generant
1141 1837 1255 1906 homi-

206 1978 288 2025 nem
305 1963 343 2024 et
356 1953 564 2037 ecclesiam3
590 1961 715 2044 estque
732 1952 811 2024 haec
828 1955 941 2046 prima
957 1953 1089 2048 ogdoas
1106 1975 1254 2024 aeonum.

207 2069 347 2140 Exinde
387 2069 511 2140 decem
550 2067 620 2150 alii,
663 2077 701 2138 et
743 2069 931 2140 duodecim
969 2069 1095 2161 reliqui
1138 2091 1256 2140 aeones

206 2187 304 2256 miris
321 2185 523 2256 nominibus
540 2187 711 2267 oriuntur,
730 2186 767 2256 in
784 2207 918 2256 meram
936 2185 1094 2256 fabulam
1111 2186 1258 2278 triginta

164 2323 356 2388 15aeonum.
426 2299 529 2370 Idem
555 2299 735 2392 apostolus
759 2323 842 2370 cum
867 2301 1044 2394 improbat
1070 2299 1367 2372 elementiscnn.

208 2418 411 2498 servientes,
428 2415 583 2508 aliquem
601 2414 868 2510 Hermogenem
886 2417 1051 2499 ostendit,
1069 2417 1129 2508 qui
1147 2424 1260 2486 mate-

209 2535 296 2604 riam
327 2555 398 2603 non
431 2539 553 2601 natam
583 2532 820 2616 introducens,
852 2532 931 2604 Deo
965 2557 1037 2604 non
1065 2539 1150 2603 nato
1180 2555 1258 2602 eam

209 2657 410 2741 comparat:
432 2656 470 2718 et
487 2649 539 2717 ita
555 2655 706 2718 matrem
723 2649 983 2720 elementorum
996 2649 1100 2720 deam
1118 2649 1260 2730 faciens,

209 2772 328 2858 potest
362 2766 395 2835 ei
430 2763 571 2844 servire,
606 2785 713 2856 qnam
748 2763 828 2836 Deo
862 2771 1052 2858 comparat.
1104 2764 1261 2837 Joannes

165 2903 293 2956 20vero
333 2881 371 2949 in
404 2877 620 2971 Apocalypsi
655 2877 854 2972 idolothyta
887 2879 1033 2952 edentes
1067 2888 1105 2951 et
1138 2889 1346 2973 stupraapoc
1359 2895 1385 2943 n.

211 2996 476 3067 committentes
500 2995 607 3086 jubet
638 2996 820 3088 castigare.
873 2995 966 3067 Sunt
1000 3005 1038 3067 et
1071 3019 1166 3066 nnnc
1201 2995 1260 3065 alii

214 3110 427 3193 Nicolaitae3
455 3109 589 3182 Gaiana
610 3109 755 3182 haeresis
780 3111 919 3182 dicitnr.
971 3110 1025 3182 At
1049 3113 1087 3182 in
1112 3110 1283 3204 epistola1
1297 3121 1409 3173 loun-ii·

213 3250 273 3300 eos
298 3227 453 3298 maxime
479 3226 705 3298 antichristos
730 3235 844 3309 vocat,
862 3227 923 3319 qui
949 3226 1131 3299 Christum
1156 3250 1264 3321 nega-

213 3353 293 3416 rent
319 3345 486 3414 incarne
512 3343 660 3425 venisse,
686 3344 809 3435 etqui
839 3365 911 3414 non
941 3351 1108 3436 putarent
1137 3344 1263 3414 Jesum

166 3483 291 3554 25esse
314 3460 444 3532 Filium
469 3457 558 3530 Dei:
585 3458 675 3530 illud
698 3457 873 3542 Marcion,
894 3458 962 3531 hoc
986 3459 1130 3532 Hebion
1153 3460 1265 3530 vindi·

214 3578 318 3647 cavit.
371 3575 587 3646 Simonianae
615 3583 736 3646 autem
764 3577 893 3670 megiae
920 3577 1104 3670 disciplina
1130 3575 1402 3670 angeliscormn.

215 3695 378 3774 serviens,
413 3693 537 3783 utique
566 3701 605 3761 et
634 3692 710 3783 ipsa
743 3693 836 3762 inter
869 3691 1085 3764 idololatriis
1119 3693 1266 3784 deputa·

216 3811 329 3892 batur,
356 3816 394 3880 et
421 3831 443 3878 a
469 3806 577 3878 Petro
600 3807 760 3900 apostolo
788 3809 927 3902 inipso
953 3807 1100 3880 Simone
1124 3809 1396 3879 damna-savin.

216 3927 331 3997 batur.

169 4075 208 4133 30
269 4041 361 4114 Haec
387 4048 480 4123 sunt,
499 4047 540 4111 ut
565 4039 726 4123 arbitror,
748 4064 880 4135 genera
904 4041 1143 4113 doctrinarum
1169 4040 1269 4112 adul·
1312 4064 1394 4114 car.

218 4161 421 4242 terinamm,
439 4181 521 4250 quae
538 4159 606 4228 sub
622 4159 790 4251 apostolis
808 4161 916 4232 fuisse
939 4160 985 4231 ab
1001 4161 1084 4254 ipsis
1101 4158 1269 4254 apostolis
1293 4127 1421 4180 ΜΝ

218 4275 404 4346 discimus:
433 4281 610 4344 ettamen
633 4272 768 4344 nnllam
792 4275 991 4347 invenimus
1008 4277 1270 4347 institutionem

219 4389 313 4458 inter
342 4397 397 4459 tot
428 4389 650 4460 diversitates
686 4391 966 4481 perversitatum,
996 4415 1077 4483 quae
1112 4391 1157 4463 de
1192 4389 1271 4462 Deo
