3294 5192
396 429 461 492 410
735 426 1114 493 ANNOTATIONES

395 599 490 666 leetio
506 599 632 664 varians
651 619 673 662 α
692 597 750 663 Oh.
764 596 789 661 J
790 597 904 664 netello
921 598 1028 684 posits
1042 605 1117 666 sunt
1131 620 1191 684 pro
1204 602 1389 680 βενεφικίοες
1402 601 1449 666 ud

395 708 495 772 marg.
512 684 636 751 Codicis
656 683 748 748 Unio.
761 683 847 750 Eut.
863 685 954 771 atqui
973 706 1032 769 pro
1051 684 1338 770 interpretamento
1357 693 1445 751 sunt.

395 774 451 837 Ad
465 769 673 858 quaestionem
684 771 770 856 quod
783 770 911 848 attinet,
926 777 1035 835 utrum
1045 771 1162 838 bellum
1172 793 1313 856 unquam
1323 771 1447 838 lieitum

394 858 480 943 opud
495 855 693 922 Christianos
708 855 784 920 olim
798 856 985 931 baberetur3
1001 855 1085 922 belle
1096 857 1224 942 quidem
1234 857 1334 943 justo,
1346 879 1446 942 quan-

393 951 464 1009 tum
482 963 542 1042 ego
560 941 694 1028 legendo
710 963 780 1006 eom
821 943 858 1022 ri,
878 941 1026 1022 Eusebio,
1042 943 1233 1022 Athanasio,
1249 944 1444 1030 Augustino,

393 1029 595 1114 Oenoilroque
605 1026 709 1113 primo
720 1027 789 1093 Are
801 1028 903 1094 utensi
914 1029 1100 1114 probantur,
1112 1030 1359 1096 reolnmuntibus
1369 1051 1445 1094 vero

394 1113 591 1180 Tertulliano
605 1120 639 1178 et
656 1113 835 1192 Lactantio,
851 1115 928 1179 dum
942 1137 1056 1200 perum
1070 1115 1131 1180 sibi
1145 1122 1273 1182 oonstot
1287 1116 1321 1180 in
1334 1116 1395 1180 heo
1408 1138 1445 1180 re

393 1201 565 1266 treetende
586 1199 748 1286 Origenes.
787 1201 907 1264 Verum
927 1223 1037 1266 omnes
1059 1201 1198 1266 eoelesiae
1220 1208 1338 1288 potres,
1361 1202 1445 1266 sieut

392 1286 524 1354 eoelesiu
543 1285 614 1371 ipse
632 1285 666 1349 in
684 1285 783 1351 saeris
798 1286 863 1351 suie
877 1287 1059 1367 senonibus,
1076 1287 1230 1354 militibus
1244 1287 1443 1366 Christianis,

393 1394 527 1458 quorum
542 1371 652 1437 extitit
666 1392 800 1458 mugnus
814 1393 940 1460 semper
957 1393 1107 1438 numerus
1121 1371 1154 1438 in
1169 1373 1361 1438 exeroitibus
1380 1373 1444 1438 Ro

391 1459 503 1537 menis,
520 1478 736 1543 saepenumero
756 1457 935 1544 injungunt,
951 1458 1061 1524 sedulo
1080 1481 1119 1524 ao
1138 1459 1221 1524 serio
1240 1459 1300 1524 sibi
1320 1481 1442 1538 osvero,

393 1543 624 1630 nequidquam
640 1543 895 1629 superstitiosum
912 1551 1021 1631 egent,
1036 1552 1096 1611 out
1109 1545 1218 1612 munio
1230 1552 1355 1630 gerent,
1371 1566 1443 1631 quae

393 1629 544 1716 spuroitie
558 1629 747 1694 idololatriae
762 1629 976 1716 inquinentur.

437 1717 476 1781 P.
487 1717 561 1802 378.
576 1714 597 1780 l.
611 1717 640 1781 8.
655 1720 707 1780 τοῦ
722 1717 860 1800 stateem]
880 1715 1014 1782 Habent
1029 1716 1170 1784 Consilia
1183 1720 1237 1784 τοῦ
1249 1717 1290 1797 μὴ
1305 1719 1442 1795 elatem,

393 1803 450 1868 sed
468 1803 511 1868 nd
530 1823 632 1887 murg.
647 1801 753 1901 posita
773 1808 822 1867 est
841 1802 935 1869 leetio
955 1806 1007 1866 τοῦ
1031 1805 1166 1881 εἰσίεναι,
1182 1803 1258 1868 eddi
1295 1825 1335 1868 ue
1356 1802 1443 1868 Hor·

392 1887 516 1968 duinus,
535 1895 554 1924 “
566 1885 697 1954 Rectius
718 1891 771 1951 τοῦ
791 1890 918 1954 εἰσίεναι
936 1889 1023 1974 opud
1042 1889 1231 1954 Zonerum.”
1289 1911 1342 1952 mo
1355 1890 1444 1974 opud

393 1995 503 2039 omnes
510 1973 675 2040 (lenonum
683 1973 901 2053 (lolleotiones
916 1974 1076 2060 librosque
1091 1974 1227 2060 seriptos
1240 1973 1442 2040 Bodleinnos.

437 2060 520 2126 Ibid.
542 2060 563 2125 l.
579 2082 610 2147 9.
641 2062 743 2142 ἀρκεῖν
768 2061 896 2145 ἑαυτοῖς]
922 2059 1025 2147 Vulgo
1047 2060 1156 2134 αὐτοῖς,
1179 2061 1237 2126 sed
1258 2061 1350 2145 jussu
1376 2083 1442 2125 om·

391 2145 478 2211 nium
493 2147 636 2211 eodieum
650 2146 897 2212 Bodleianorum
910 2147 944 2212 id
958 2146 1088 2224 mutavi,
1106 2146 1167 2212 etsi
1182 2147 1283 2214 αὐτοῖς
1293 2168 1367 2212 eum
1376 2147 1441 2232 spi-

391 2233 456 2298 ritu
475 2232 538 2297 leni
559 2254 618 2318 pro
634 2233 748 2302 ἑαυτοῖς
762 2231 796 2296 in
810 2233 899 2299 libris
913 2233 1041 2318 seriptis
1055 2239 1222 2298 euotorum
1235 2233 1442 2318 antiquorum

390 2317 465 2404 poni
481 2318 572 2384 solet.

778 2402 931 2470 GANON
953 2402 1056 2468 XIII.

436 2489 519 2552 Ibid.
549 2488 570 2551 l.
590 2508 637 2567 14.
675 2493 728 2551 τοῦ
758 2491 928 2554 τελευταίου
960 2490 1008 2553 καὶ
1038 2488 1274 2572 ἀναγκαιοτάτου
1301 2491 1437 2575 ἔφοδίου]

399 2573 515 2638 Viatioi
532 2574 619 2658 apud
640 2573 781 2638 Latinos.
827 2573 976 2639 Meminit
994 2581 1104 2639 autem
1122 2575 1217 2661 hujus
1234 2575 1442 2642 vetustissimi

390 2660 487 2724 moris
503 2659 535 2724 S.
548 2659 718 2744 Dionysius
738 2659 831 2722 Alex.
851 2661 938 2744 opud
951 2659 1116 2726 Eusebium
1126 2662 1170 2726 H.
1182 2663 1223 2728 E.
1237 2660 1278 2726 vi.
1289 2681 1342 2743 44.
1379 2660 1442 2727 Ait

391 2747 423 2812 S.
438 2744 584 2832 ignotius
604 2746 644 2810 de
664 2744 785 2809 vivifico
804 2745 865 2809 hoo
885 2753 1094 2824 sacramento,
1114 2747 1169 2814 ἕνα
1188 2748 1279 2829 ἄρτον
1298 2752 1442 2824 ultimo,

390 2835 424 2900 ὅς
450 2835 534 2897 ἔστιν
559 2832 716 2914 φάρμακον
744 2832 919 2907 ἀθανασίας,
947 2833 1098 2900 ἁντίδοτος
1126 2838 1179 2896 τοΰ
1206 2833 1247 2913 μὴ
1276 2835 1442 2898 ἆταθανεῖν

390 2921 472 2983 ἀλλὰ
491 2922 545 3006 ζῇν
567 2921 602 2982 ἐν
622 2917 723 2998 Ἰησοῦ
744 2921 864 3003 Χριστῷ
887 2923 935 2983 διὰ
956 2920 1075 2986 παντός.
1098 2919 1198 3004 Epist.
1221 2919 1268 2983 ad
1284 2919 1441 3012 Βολεοίος,

415 3053 421 3066 .
436 3025 487 3070 20.

391 3009 409 3090 i
435 3089 621 3172 Ibid.l.17.
644 3089 733 3176 ἔστω]
753 3089 835 3154 Post
854 3090 914 3156 hoo
933 3089 1064 3156 verbum
1082 3089 1195 3156 addito
1209 3098 1284 3156 sunt
1298 3091 1332 3154 in
1346 3091 1440 3155 oodtl

392 3193 454 3261 715
470 3183 504 3242 et
517 3176 613 3260 3385,
628 3177 714 3259 ἄχρις
736 3177 876 3258 winsten
896 3179 912 3240 ὁ
934 3177 1062 3258 ὁρισθεὶς
1080 3176 1138 3240 ὑπὸ
1156 3181 1207 3256 τῆς
1219 3177 1353 3258 μεγάλης
1367 3202 1441 3241 συν-

391 3265 461 3328 όδου
474 3265 593 3345 χρόνος.
616 3261 738 3326 Eodem
753 3269 938 3346 eompurent
953 3263 986 3327 in
1000 3262 1099 3326 veteri
1114 3261 1167 3328 illo
1178 3262 1329 3340 versione,
1342 3284 1442 3348 quem

390 3349 432 3412 ed
448 3348 568 3413 Canon.
581 3347 678 3410 VIII.
696 3347 959 3423 commemoravi=;
983 3369 1078 3433 porro
1095 3347 1156 3412 hoo
1175 3348 1274 3413 hebet
1288 3349 1444 3430 Quesnel-

389 3434 462 3499 lane
477 3434 641 3499 (lenonum
656 3432 818 3510 (lolleetio,
833 3433 924 3499 donee
936 3443 1081 3498 uetulum
1095 3443 1210 3519 tempus
1223 3434 1416 3520 ooequeater.

435 3519 517 3584 Ibid.
540 3519 560 3584 l.
582 3519 628 3582 18.
651 3521 803 3588 αἰτοῦντος
824 3522 857 3584 δὲ
878 3519 1057 3605 μετασχεῖν]
1082 3519 1189 3606 Vulgo
1210 3523 1363 3587 αἰτοῦντος
1383 3525 1439 3584 τοῦ

388 3611 561 3688 μετασχεῖν,
574 3605 630 3670 sed
644 3605 736 3669 obest
750 3611 803 3670 τοῦ
817 3627 838 3670 e
852 3605 985 3670 Pedelio
1000 3607 1193 3684 Graeeorum,
1206 3605 1371 3690 tribusque
1385 3627 1439 3670 oo-

389 3691 511 3756 dioibus
533 3690 723 3768 Bodleinniq
739 3698 774 3756 et
793 3690 912 3756 Gelesii
927 3691 1071 3776 Gyzieeni
1087 3693 1175 3757 Aetio
1188 3693 1339 3770 Niooeoiq
1360 3692 1440 3756 dum

389 3781 431 3856 δε,
453 3778 538 3862 quod
559 3777 629 3842 loeo
651 3776 732 3842 bene
754 3777 910 3856 convenit,
934 3801 975 3842 ex
996 3775 1134 3843 Joennis
1159 3778 1353 3844 Antiooheni
1379 3779 1438 3843 θα

387 3885 499 3928 mmo
513 3863 634 3949 Dioesto
648 3863 784 3948 reposui.

431 3950 471 4015 P.
483 3965 524 4034 37
551 3949 592 4014 .l.
608 3970 639 4017 2.
660 3951 838 4030 μετοδιδότω
861 3953 911 4028 τῆς
929 3950 1120 4034 προσφορᾶς]
1142 3949 1197 4014 Ite
1210 3971 1320 4014 omnes
1335 3948 1440 4015 Oeno·

387 4059 464 4100 num
479 3971 695 4114 OoSeotiones
716 4057 886 4121 omnesque
902 4035 998 4102 MSS.
1016 4035 1190 4100 Bodleinni.
1228 4035 1293 4101 Sed
1311 4057 1369 4120 pro
1387 4035 1442 4101 hie

387 4122 516 4189 vooibus
535 4129 697 4207 praestont
710 4121 851 4188 Gonoilie
870 4120 993 4187 ἐπιδότο
1013 4128 1150 4199 tontum,
1166 4121 1269 4188 altero
1282 4143 1357 4188 vero
1376 4121 1440 4186 leo-

387 4210 475 4274 tione
489 4209 531 4274 ud
547 4229 646 4294 marg.
661 4209 776 4293 positu,
792 4209 868 4272 dum
883 4209 1052 4286 Zenonem,
1067 4208 1127 4272 hoe
1142 4215 1201 4286 est,
1213 4229 1350 4274 oenones
1364 4229 1440 4272 oum

388 4297 524 4360 Zonoroe
543 4293 771 4359 commentario
792 4292 924 4358 Parisiis
942 4314 1026 4358 enno
1046 4295 1135 4358 1618.
1152 4295 1238 4379 typis
1256 4294 1438 4380 impressos,

388 4385 504 4442 testem
518 4401 577 4463 pro
591 4379 702 4444 eudem
717 4379 811 4444 effert
826 4377 1022 4444 Horduinus.
