3316 5198
326 453 330 462 ⁴
395 469 458 532 108
750 465 1093 530 TERTULLIANI

393 663 458 735 per
478 665 560 712 eum
586 642 719 712 faceret
742 640 946 734 exemplum
972 650 1147 734 praecepto
1169 663 1242 723 suo,
1265 664 1335 732 quo
1361 662 1447 710 mox

395 768 633 852 praecepturus
666 766 895 850 eretusque
924 759 1071 851 pignora
1103 756 1183 827 Deo
1217 757 1352 828 cariora
1385 756 1447 826 ha-

395 876 522 946 benda.
575 874 656 968 Ipse
686 897 707 944 a
737 873 878 945 diabolo
904 883 1072 955 tentatus,
1098 873 1281 966 praesidem
1302 881 1340 943 et
1363 873 1446 942 arti-

395 993 500 1062 ficem
517 991 724 1061 tentationis
740 991 1006 1060 demonstravit.
1058 989 1166 1060 Hunc
1193 988 1311 1059 locum
1329 999 1446 1081 poste-

397 1108 545 1178 rioribus
571 1108 776 1179 oonfirmat:
805 1105 919 1189 Orate,
939 1107 1068 1188 dicens,
1086 1129 1129 1176 ne
1146 1105 1323 1176 tentemini
1340 1105 1471 1195 (Lucs

396 1225 483 1296 xxii.
502 1222 587 1317 46.).
641 1221 745 1293 Adeo
765 1224 895 1293 tentati
918 1231 1001 1292 sunt
1019 1221 1214 1293 Dominum
1241 1221 1444 1304 deserendo,

397 1342 457 1434 qui
487 1362 610 1410 somno
638 1341 756 1432 potius
785 1338 1014 1419 indulserant,
1042 1361 1147 1430 quam
1177 1339 1337 1408 orationi.
1390 1338 1444 1408 Eo

396 1457 586 1549 respondet
619 1455 786 1538 clausula,
821 1457 1056 1546 interpretans
1090 1453 1174 1545 quid
1209 1455 1264 1535 sit,
1294 1452 1350 1524 Nc
1383 1477 1444 1525 nos

397 1573 544 1645 deducus
571 1573 610 1644 io
640 1573 882 1652 tentationem,-
908 1571 975 1641 hoc
1005 1580 1059 1640 est
1085 1573 1180 1641 enim
1207 1593 1273 1642 sun
1297 1592 1445 1643 navans

396 1711 465 1764 Nos
481 1713 505 1761 a
522 1710 631 1761 mano.
1460 1710 1493 1749 ιο

238 1820 323 1870 caP·
334 1819 380 1869 1X·
446 1807 674 1900 Compendiis
715 1806 946 1899 pauculorum
980 1806 1181 1889 verborum,
1216 1815 1304 1898 quot
1337 1807 1446 1876 attin-

230 1884 373 2000 fflb*
395 1933 528 2019 guntur
554 1924 672 1995 edicta
704 1923 966 2016 prophetarum,
1001 1921 1273 2016 evangeliorum,
1304 1932 1445 2015 aposto-

394 2041 520 2124 lonmr,
548 2063 726 2112 sermones
758 2039 913 2122 Domini,
940 2038 1123 2131 parabolae,
1151 2039 1325 2131 exempla,
1354 2061 1444 2132 prae-

393 2157 517 2250 cepta!
544 2156 641 2240 Quot
663 2154 768 2226 simul
794 2163 1047 2250 expunguntur
1073 2153 1205 2224 officia!
1234 2153 1303 2224 Dei
1331 2153 1443 2224 honor

393 2275 430 2349 in
448 2283 557 2367 patre,
575 2274 658 2344 fidei
684 2273 929 2343 testimonium
956 2273 992 2340 in
1016 2271 1168 2352 nomine,
1187 2268 1320 2339 oblatio
1342 2270 1489 2349 obse-15

394 2393 467 2483 quii
481 2392 518 2460 in
531 2389 725 2471 voluntate,
737 2388 1026 2459 commemoratio
1040 2388 1114 2479 spei
1132 2388 1169 2456 in
1186 2409 1305 2480 regno,
1316 2388 1442 2478 petitio

394 2509 478 2577 vitae
506 2508 543 2575 in
572 2528 672 2597 pane,
699 2503 956 2597 exomologesis
982 2503 1183 2572 debitorum
1211 2504 1248 2570 in
1277 2503 1443 2594 depreca-

393 2626 500 2706 tione,
518 2622 705 2693 solicitudo
723 2622 961 2692 tentationum
988 2621 1024 2688 in
1050 2618 1288 2711 postulatione
1305 2618 1441 2689 tutelae.

394 2737 490 2821 Quid
507 2739 660 2809 mirum?
688 2737 786 2808 Deus
810 2736 905 2807 solus
922 2737 1049 2805 docere
1072 2737 1200 2827 potuit,
1219 2745 1260 2805 ut
1278 2758 1315 2805 se
1333 2735 1441 2806 vellet

393 2856 493 2925 orari.
546 2855 606 2924 Ab
629 2857 705 2948 ipso
733 2856 842 2948 igitur
871 2853 1031 2922 ordinata
1060 2851 1184 2944 religio
1208 2851 1385 2932 orationis,
1404 2861 1441 2921 et
1453 2876 1490 2914 20

393 2969 437 3040 de
471 2971 596 3063 spiritu
625 2973 743 3064 ipsius,
771 2975 847 3064 Jam
878 2979 974 3049 tunc,
1010 2991 1119 3060 quum
1150 2991 1196 3037 ex
1231 2990 1291 3037 ore
1321 2967 1440 3037 divino

393 3081 543 3151 ferretur
568 3085 733 3162 animata,
755 3106 819 3153 suo
846 3083 1031 3178 privilegio
1058 3084 1217 3154 ascendit
1238 3085 1275 3153 in
1300 3084 1439 3168 coelum,

392 3199 643 3270 commendans
661 3197 759 3269 Patri
777 3222 858 3290 quae
878 3199 988 3270 Filius
1006 3200 1139 3272 docuit.

240 3332 325 3380 cnr.
337 3331 370 3380 x.
442 3313 619 3397 Quoniam
658 3324 779 3386 tamen
815 3313 989 3386 Dominus
1029 3325 1235 3408 prospector
1270 3316 1441 3386 humana-

228 3397 360 3524 miii
392 3454 470 3500 rum
505 3433 767 3512 necessitatum,
802 3453 959 3502 seorsum
993 3440 1073 3524 post
1108 3431 1274 3501 traditam
1318 3431 1440 3502 orandi
1451 3456 1486 3515 25

256 3543 288 3576 ω
393 3547 623 3639 disciplinam,
641 3546 764 3629 Petite,
785 3548 912 3638 inquit,
936 3556 967 3618 at
997 3547 1182 3641 accipietis
1200 3546 1303 3634 (Luc.
1321 3550 1370 3618 xi.
1389 3551 1440 3640 8.)

392 3674 429 3734 et
459 3673 541 3734 sunt
569 3687 650 3756 quae
678 3672 846 3756 petantur
870 3687 933 3757 pro
961 3666 1226 3735 circumstantia
1249 3665 1439 3757 cujusque;

390 3781 572 3871 praemissa
598 3778 758 3872 legitima
787 3788 824 3848 et
848 3780 1022 3850 ordinaria
1049 3782 1207 3850 oratione
1237 3782 1335 3872 quasi
1361 3782 1441 3850 fun-

391 3895 568 3976 damento,
601 3894 839 3966 accidentium
874 3890 967 3988 (for.
1004 3897 1251 3967 accedentium
1291 3898 1440 3969 Latinus

390 4008 569 4103 Latinius)
591 4009 853 4092 desideriorum,
865 4011 926 4101 jus
943 4020 998 4081 est
1018 4013 1282 4104 superstruendi
1306 4015 1489 4097 extrin-30

392 4148 492 4197 secus
515 4127 714 4218 petitiones,
733 4148 815 4196 oum
833 4127 1003 4196 memoria
1023 4137 1144 4198 tamen
1166 4140 1440 4222 praeceptorum,

392 4264 437 4310 na
467 4250 639 4332 quantum
669 4266 690 4316 a
724 4243 920 4336 praeceptis,
949 4252 1089 4318 tantum
1121 4245 1166 4316 ab
1196 4245 1338 4318 auribus
1370 4245 1440 4319 Dei

392 4355 496 4448 longe
514 4357 631 4426 simus.
