3294 5192
362 483 635 549 SYMBOLUM
659 484 1110 552 CONSTANTINOPOL.
1199 489 1265 558 899

213 659 263 738 sis
280 653 413 760 ἄφεσιν
426 655 619 760 ἁμαρτιῶν,
631 659 890 760 προσδοκῶμεν
904 655 1107 739 ἀνάστασιν
1121 665 1264 763 νεκρῶν,

215 783 273 858 καὶ
291 779 382 883 ζωὴν
399 788 464 862 τοῦ
481 783 680 881 μέλλοντος
698 789 835 868 αἰῶνος.
876 785 1006 886 Ἀμήν.

516 1033 798 1106 EXPOSITIO
824 1034 972 1108 FIDEI

290 1206 351 1265 CL.
367 1205 551 1273 Sanctorum,
566 1207 616 1284 qui
626 1205 913 1285 ¹Constantinopolim
927 1209 1093 1287 congregati
1107 1220 1187 1268 sunt.

186 1374 203 1433 5
214 1361 289 1424 Apud
298 1360 410 1410 Codioem
422 1360 551 1408 canonum
560 1358 674 1408 Veterem
685 1358 794 1408 Eetlosiae
804 1358 921 1408 Romanu
930 1373 945 1406 a
953 1358 993 1406 Fr.
1004 1357 1102 1410 Pithoeo
1108 1361 1263 1409 ndoenatum.

257 1499 475 1564 (insomnem
500 1499 725 1564 unumDeum
751 1499 884 1564 Patrem
910 1499 1172 1586 omnipotentem,
1199 1499 1263 1564 sao-
1316 1565 1322 1570 ,

214 1610 317 1667 torem
332 1602 403 1666 ooeli
419 1610 453 1666 et
467 1609 573 1680 terrae,
589 1601 758 1666 visibilium
773 1603 915 1666 omnium
929 1609 962 1667 et
977 1603 1196 1667 invisibilium:
1218 1603 1264 1667 Et

214 1706 247 1770 in
271 1727 369 1771 unum
392 1705 564 1769 Dominum
589 1705 703 1768 Jesum
725 1705 897 1783 Christum,
918 1704 1035 1770 Filium
1057 1705 1128 1782 Dei,
1151 1711 1264 1770 natum

214 1831 254 1873 ex
277 1808 377 1873 Patre
404 1823 479 1872 ente
499 1807 606 1872 omnia
628 1807 753 1886 saeeula,
769 1807 874 1872 Deum
895 1829 1004 1872 verum
1027 1808 1067 1871 de
1084 1807 1156 1872 Deo
1177 1829 1262 1886 vero,

170 1918 335 1987 nouatum,
359 1931 423 1974 non
448 1909 577 1986 laetum,
605 1909 910 1974 consubstantialem
935 1910 1046 1975 Patri:
1079 1909 1145 1974 Por
1169 1932 1263 1994 quem

214 2014 322 2078 omnia
346 2014 434 2077 laeta
459 2019 543 2088 sunt,
568 2012 622 2096 qui
648 2019 781 2098 propter
804 2033 863 2076 nos
887 2012 1039 2090 homines,
1066 2019 1100 2077 et
1125 2012 1263 2077 salutem

214 2122 358 2180 nostram
381 2113 544 2179 deseendit
564 2114 604 2178 de
622 2113 719 2191 ooelis,
743 2122 777 2178 et
798 2113 983 2179 incarnatus
1005 2122 1056 2178 est
1077 2115 1118 2179 de
1140 2115 1263 2200 Spiritu

215 2219 344 2296 Sancto,
360 2240 399 2282 ex
417 2217 523 2281 Maria
540 2216 676 2302 Virgine,
692 2223 726 2280 et
741 2216 967 2282 inhumanatus
981 2225 1040 2296 est,
1052 2217 1263 2282 etoruoifixus

213 2327 263 2385 est
286 2341 344 2405 pro
366 2318 457 2384 nobis
480 2318 539 2382 sub
554 2317 673 2383 Pontio
688 2318 807 2396 Pilato,
823 2330 857 2383 et
871 2318 1015 2404 sepultus
1035 2325 1094 2398 est,
1111 2326 1144 2383 et
1159 2340 1262 2383 resur·

168 2423 299 2498 15rexit
326 2423 425 2488 tertia
453 2421 516 2499 die,
540 2420 684 2486 aseendit
713 2421 746 2485 iu
775 2420 884 2500 eoelos,
911 2421 1002 2486 sedet
1025 2422 1068 2486 ad
1096 2422 1263 2486 dexteram

214 2526 333 2605 Patris,
358 2526 474 2590 iterum
491 2531 643 2590 venturus
664 2523 717 2589 est
740 2547 812 2588 oum
834 2523 937 2610 gloria
954 2523 1099 2608 judicare
1121 2523 1207 2588 vivos
1229 2531 1263 2588 et

213 2646 366 2707 mortuos,
397 2629 486 2714 eujus
515 2627 603 2714 regni
641 2650 704 2692 non
734 2627 795 2692 orit
824 2627 919 2692 finis:
962 2627 1008 2692 Et
1037 2626 1070 2690 iu
1108 2626 1263 2712 Spiritum

215 2732 377 2809 Sanctum,
394 2730 565 2795 Dominum
581 2738 614 2795 et
626 2729 845 2808 vivificantem,
858 2752 898 2794 ex
910 2729 1010 2813 Patre
1025 2731 1261 2815 procedentem,

214 2855 286 2900 eum
308 2833 407 2897 Patre
431 2841 465 2897 et
490 2832 572 2896 Filio
598 2832 798 2896 adorandum
819 2838 853 2895 et
873 2831 1184 2916 conglorificandum,
1209 2833 1263 2917 qui

168 2935 364 3021 aoloquutus
389 2942 439 2999 est
461 2956 520 3021 per
543 2942 672 2999 sanatos
696 2933 891 3019 prophetas:
923 2933 968 2997 Et
994 2955 1090 2997 unam
1116 2942 1263 2999 sanatam

214 3038 404 3104 oatholieam
433 3043 467 3100 et
495 3037 704 3121 apostolicam
729 3035 912 3099 eeclesiam:
948 3035 1137 3099 eonfitemur
1165 3057 1263 3100 unum

214 3141 374 3226 baptisma
397 3139 430 3202 iu
453 3138 670 3203 remissionem
692 3144 907 3224 peecatorum,
928 3145 1134 3224 expectamus
1158 3161 1263 3204 resur-

215 3243 387 3310 rectionem
400 3248 609 3320 mortuorum,
625 3240 724 3306 vitam
738 3240 838 3306 futuri
853 3239 969 3306 saeouli.
1017 3241 1132 3306 Amen.
