3326 5200
419 463 709 530 HAERETICOS
733 462 982 530 LIBELLUS.
1163 463 1230 532 167

182 638 327 710 Hebion
352 638 431 722 fuit,
459 637 630 710 Cerintho
660 640 796 714 nonin
826 640 922 710 omni
953 647 1054 732 parte
1082 661 1230 710 consen-

181 757 283 838 tiens,
311 755 406 848 qnod
431 778 454 827 a
479 754 558 826 Deo
586 756 681 826 dicct
707 755 892 838 mundum,
923 777 994 826 non
1020 754 1065 826 ab
1095 755 1229 850 angelis

181 873 344 956 factum3
386 881 425 943 et
458 873 542 964 quia
574 873 745 966 scriptum
779 871 852 942 sit:
894 868 1004 943 Nemo
1039 869 1229 967 discipulus
1238 877 1390 940 naseu.

180 1011 284 1084 saper
308 988 522 1086 mcphbunn
544 1009 606 1059 nce
630 1009 747 1060 acanus
770 1009 874 1082 super
889 985 1094 1071 Dominum,
1110 987 1230 1084 legem

57 1188 64 1206 Ι
154 1119 259 1180 sense
283 1101 349 1176 clii
364 1104 473 1175 etiam
496 1100 589 1199 (sor.
606 1103 723 1198 legem
751 1103 885 1196 etjam
907 1126 994 1187 esse,
1010 1103 1079 1176 oid.
1097 1111 1228 1200 notum)

180 1221 356 1312 proponit,
390 1218 525 1292 scilicet
554 1219 599 1290 ad
633 1218 897 1290 excludendum
927 1219 1161 1315 evangelium,
1190 1230 1229 1293 et

181 1336 432 1408 vindicandum
456 1334 692 1406 Juduismum.

231 1449 447 1524 Valentinus
479 1458 602 1522 autem
635 1450 825 1524 haereticus
864 1450 996 1524 multas
1034 1453 1228 1524 introducit
1252 1457 1378 1508 GARV·

180 1567 340 1652 fabulam
373 1567 436 1639 has
465 1589 533 1662 ego
562 1567 819 1639 circumcidens
845 1566 1002 1638 breviter
1029 1569 1228 1663 expediam.

137 1683 381 1756 rolutrcducit
398 1684 494 1756 enim
516 1682 676 1777 plemma
700 1693 738 1756 et
758 1705 873 1756 aeonee
890 1684 1056 1777 triginta:
1082 1686 1230 1779 exponit

180 1809 302 1873 autem
326 1800 392 1872 hos
417 1823 482 1894 per
505 1801 673 1894 syzygias,
695 1801 732 1871 id
757 1809 823 1883 est,
841 1800 1107 1894 conjugationes
1128 1823 1232 1895 quae-

180 1919 273 1990 dam.
300 1915 399 1990 Nam
416 1916 503 1988 dicit
519 1917 557 1986 in
573 1916 704 2009 primis,
719 1937 796 1988 esee
814 1914 960 2009 Bython
975 1923 1014 1986 et
1030 1916 1230 2001 silentium,

180 2057 227 2106 ex
260 2033 316 2106 his
348 2033 558 2127 processisse
593 2055 726 2116 semen,
755 2040 924 2116 mentem,
954 2042 993 2104 et
1021 2035 1231 2119 veritatem

180 2173 226 2222 ex
262 2150 389 2244 quibus
422 2150 578 2242 erupisse
611 2149 827 2221 verbumst
857 2151 989 2220 vitam:
1024 2151 1069 2222 de
1102 2150 1235 2243 quibus

137 2286 320 2347 ¹srursum
343 2275 502 2338 creatum
526 2265 710 2338 hominem
733 2275 772 2339 et
789 2266 984 2338 ecclesiam.
1037 2266 1109 2338 Sed
1134 2269 1231 2339 enim

182 2408 228 2456 ex
268 2384 323 2455 his
365 2405 507 2475 quoque
540 2384 750 2474 processisse
783 2384 972 2454 duodecim
1005 2406 1147 2468 aeonas3
1185 2383 1232 2455 de

181 2523 342 2572 sermone
369 2507 491 2570 autem
520 2507 558 2569 et
586 2500 670 2582 vita,
700 2523 818 2572 aeonas
848 2499 935 2570 ulios
965 2500 1110 2570 decem:
1138 2499 1232 2570 hanc

182 2639 258 2688 esse
287 2638 431 2686 aeonnm
457 2615 687 2699 triacontade,
713 2639 792 2709 quae
820 2617 864 2688 fit
892 2617 929 2686 in
959 2615 1155 2710 pleromate
1184 2637 1231 2686 ex

182 2733 351 2827 ogdoade,
385 2738 424 2802 et
458 2729 602 2812 decade,
636 2753 679 2802 ac
717 2732 932 2804 duodecade.
999 2731 1232 2804 Tricesimum

137 2857 304 2921 sonutam
330 2869 484 2929 aeonum,
509 2845 655 2940 Bython
683 2846 786 2918 illmn
808 2849 928 2920 ridere
952 2847 1114 2932 voluisse,
1132 2847 1233 2919 etad

183 2963 375 3036 videndum
396 2961 499 3034 illam
521 2983 649 3032 ausum
673 2984 750 3034 esse
774 2963 813 3033 in
833 2965 1013 3057 superiora
1027 2962 1234 3056 pleromatis

184 3080 429 3152 conscendere.
481 3077 531 3149 Et
551 3079 720 3170 quoniam
746 3080 793 3150 nd
818 3079 1101 3174 magnitudinem
1124 3079 1235 3171 ipsius

183 3195 373 3266 videndam
414 3216 529 3287 capax
570 3216 643 3266 uon
680 3194 760 3278 fuit,
798 3197 837 3266 in
871 3195 1073 3267 defectione
1114 3194 1235 3278 subse,

187 3321 226 3384 et
245 3334 349 3405 poene
376 3310 587 3383 dissolutum
617 3332 704 3394 esse,
729 3312 797 3382 uin?
822 3312 905 3405 quia
929 3311 1057 3382 missus
1080 3311 1127 3382 ad
1151 3331 1236 3382 cou-

138 3455 173 3517 25
185 3426 435 3498 stabiliendum
477 3425 580 3497 illurn
622 3425 694 3510 ille,
732 3449 840 3520 quem
881 3425 1063 3521 appellant
1097 3425 1235 3511 Horon,

185 3543 426 3614 confirmasset
462 3541 566 3613 illurn
607 3541 703 3612 dicto
734 3541 830 3627 Jao;
869 3542 938 3614 hoc
972 3539 1065 3638 (sor.
1103 3541 1235 3614 deleted.

186 3659 256 3728 vid.
290 3663 427 3752 notam)
458 3659 699 3752 pronuntiatio
733 3658 898 3753 appellat.
963 3659 1079 3730 Istum
1113 3667 1234 3730 autem

186 3797 326 3847 aeonem
360 3775 398 3844 in
436 3775 675 3846 deiectionem
710 3775 802 3872 (sor.
837 3776 1052 3870 defectione)
1100 3777 1235 3848 factum

187 3887 394 3960 Achamoth
419 3890 505 3962 dicit
528 3892 565 3960 in
587 3892 806 3985 passionibus
832 3892 995 3963 desiderii
1025 3891 1236 3985 quibusdam

140 4005 305 4089 soluisse,
323 4013 426 4076 etex
449 4007 669 4098 passionibus
685 4010 851 4081 materiae
868 4009 1029 4079 edidisse.
1081 4007 1237 4101 Expavit

189 4121 296 4203 enim,
313 4122 438 4212 inquit,
463 4130 501 4193 et
526 4123 704 4207 extimuit,
728 4134 766 4194 et
791 4124 1018 4195 contristatus
1044 4130 1109 4205 est,
1135 4131 1237 4194 etex

189 4235 244 4307 his
281 4238 501 4330 passionibus
541 4241 705 4332 concepit
738 4247 776 4311 et
810 4240 931 4310 edidit.
1013 4238 1110 4309 Hinc
1152 4238 1239 4308 iecit

190 4352 320 4424 coelum
337 4361 376 4424 et
392 4361 525 4426 terram
542 4363 580 4426 et
596 4377 704 4438 mare,
717 4341 891 4427 et'omuia
907 4375 1139 4447 quacumque
1154 4359 1240 4424 sunt
