3316 5198
562 461 627 526 DE
647 460 909 526 ORATIONE.
1201 459 1264 524 115

213 657 324 706 sunm.
376 634 473 720 Quid
501 645 558 709 est
587 636 699 709 omero
734 633 868 720 medior,
895 635 961 706 nisi
992 635 1106 708 omnis
1137 636 1264 718 aelatis,

214 753 329 822 omnis
363 750 505 836 ordinis,
540 755 655 825 omnis
688 753 924 824 conditionis?
969 751 1073 823 Nihil
1106 751 1264 824 mulieris

214 869 359 961 exeipit,
388 869 538 940 dicendo
568 869 703 949 omnis:
739 870 831 940 siout
856 892 922 940 neo
949 870 1004 938 vir
1029 891 1096 940 nee
1124 868 1264 940 velandi

216 981 308 1079 (sor.
327 1007 393 1056 nee
410 986 556 1056 investis
573 984 773 1078 velandus),
791 986 938 1078 proinde
956 986 1052 1058 enim
1069 984 1181 1056 omncs
1198 985 1263 1068 cir,

186 1101 330 1193 sinquil
347 1101 384 1195 (l
405 1101 487 1173 Cor.
504 1104 553 1173 xi.
571 1106 632 1197 5.).
685 1101 790 1174 Sicut
806 1125 891 1195 ergo
908 1102 945 1172 in
962 1100 1158 1172 masculino
1175 1123 1264 1173 sexu

215 1217 281 1288 sub
298 1219 363 1288 viri
389 1221 532 1290 nomine
558 1220 667 1290 etiam
692 1219 838 1290 investis
856 1217 964 1288 velari
982 1226 1131 1300 vetatur,
1150 1219 1202 1290 ils
1225 1230 1264 1290 et

214 1335 251 1404 in
277 1335 447 1405 feminino
470 1336 536 1406 sub
563 1337 707 1406 nomine
727 1335 885 1406 mulieris
911 1337 1020 1406 etiam
1039 1336 1137 1428 virgo
1155 1334 1264 1408 velari

208 1452 367 1544 jubetur.
418 1451 616 1544 AEqualitm
648 1453 686 1522 in
720 1461 871 1543 utroque
905 1473 993 1522 sexu
1027 1451 1143 1522 minor
1175 1459 1264 1524 aetas

213 1569 355 1660 majoris
373 1577 541 1659 sequatur
554 1567 795 1660 disciplinam:
813 1576 877 1639 aut
888 1566 1052 1638 velentur
1063 1574 1101 1638 et
1111 1567 1264 1661 virgines

166 1684 370 1768 romosouli,
388 1687 418 1756 si
435 1707 506 1755 non
524 1684 687 1756 velantur
703 1693 741 1755 et
758 1685 911 1778 virgines
927 1683 1080 1765 feminae,
1098 1685 1180 1775 quia
1196 1706 1263 1754 nec

213 1799 272 1869 isti
298 1801 509 1870 nominatim
534 1808 714 1870 tenentur.
765 1798 879 1869 Aliud
904 1799 950 1868 sit
967 1799 1030 1880 vir,
1048 1806 1086 1867 et
1107 1799 1263 1882 investis,

211 1915 241 1986 si
259 1915 356 1987 aliud
373 1925 428 1988 est
444 1916 582 2000 mulier,
600 1925 638 1988 et
655 1918 765 2010 virgo.
802 1915 945 2007 Nempe
956 1923 1101 2009 propter
1117 1912 1262 2012 nuperos,

212 2031 274 2113 ait,
292 2031 408 2126 (ibid.)
426 2031 534 2104 velari
552 2045 724 2127 oportere,
741 2033 837 2124 quod
863 2030 980 2124 angeli
1005 2041 1150 2124 propter
1174 2031 1263 2102 filias

213 2145 398 2218 hominum
416 2151 640 2220 desciverunt
657 2173 678 2220 a
695 2149 786 2218 Deo.
839 2147 927 2231 Quis
951 2170 1035 2242 ergo
1059 2149 1261 2231 contendat,

165 2263 306 2340 ¹5solas
331 2265 507 2348 mulieres,
529 2265 566 2335 id
591 2274 646 2336 est
668 2273 797 2358 nuptas
820 2265 908 2356 jam,
926 2272 964 2334 et
982 2265 1175 2359 virginitati
1202 2266 1262 2336 de-

213 2381 353 2452 iunctas
379 2383 676 2475 concupiscentiae
705 2379 797 2476 (sor.
828 2383 1031 2476 virginitate
1065 2383 1261 2466 defunctas,

213 2498 509 2591 concupiscentiae
537 2498 670 2592 fuisse),
698 2499 764 2568 nisi
790 2499 819 2570 si
848 2523 921 2569 non
946 2497 1031 2570 licet
1054 2510 1091 2570 et
1109 2501 1261 2594 virgines

213 2615 331 2707 speeie
348 2623 527 2706 praestare,
546 2625 583 2685 et
600 2623 775 2688 amatores
791 2615 974 2687 invenire?
993 2616 1072 2686 Imo
1089 2615 1260 2698 videmus,

212 2732 307 2824 quod
325 2753 396 2802 non
414 2729 502 2820 (dela
525 2754 608 2815 non,
624 2730 863 2821 Murato-na)
884 2733 1037 2825 virgines
1062 2731 1153 2803 solas
1178 2755 1262 2803 oon·

164 2869 204 2910 πο
213 2848 398 2940 cupierint,
416 2871 526 2940 quum
540 2847 636 2920 dicet
649 2850 822 2942 scriptura
827 2847 929 2942 filias
946 2846 1133 2932 lominum,
1151 2849 1259 2938 (Gen.

212 2965 258 3033 vi.
280 2969 330 3059 2.)
356 2967 440 3057 quia
468 2965 586 3057 potnit
613 2987 741 3036 uxores
767 2963 953 3035 hominum
979 2966 1178 3035 nominasse
1205 2965 1260 3036 vel

213 3081 363 3152 feminas
379 3080 629 3152 indifferenter.
657 3082 776 3152 Etiam
794 3082 889 3172 quod
906 3082 976 3150 ait:
993 3078 1044 3150 Et
1060 3091 1260 3173 comerent

212 3195 280 3268 cibi
307 3197 345 3266 in
372 3220 508 3280 urerer,
530 3196 645 3290 (ibid.)
667 3220 710 3268 eo
735 3196 830 3280 facit,
858 3197 952 3287 qood
978 3198 1201 3289 accipiuntur
1222 3200 1260 3268 in

212 3336 351 3396 uxores,
384 3337 466 3406 quoe
499 3324 627 3386 vacant
661 3313 806 3386 scilicet.
858 3312 915 3384 De
949 3325 1019 3383 nos
1054 3316 1260 3387 vacantibus

164 3445 201 3506 25
212 3441 333 3504 autem
350 3433 455 3504 aliter
471 3434 703 3504 enunciasset.
755 3433 883 3525 Itaque
900 3429 992 3528 (for.
1011 3432 1069 3503 Ita
1085 3434 1181 3526 quia)
1200 3457 1260 3503 ve-

212 3555 297 3618 nant
313 3557 389 3618 tam
407 3549 589 3630 viduitate,
607 3571 713 3641 quam
730 3557 770 3618 el
786 3549 1008 3642 virginitato3
1026 3549 1115 3618 adeo
1132 3571 1258 3618 sexum

210 3663 425 3734 nominando
454 3663 667 3758 generaliter
699 3663 798 3747 filias,
826 3672 864 3734 et
891 3664 1025 3756 species
1058 3664 1096 3733 in
1129 3685 1259 3756 genere

211 3778 445 3850 commiscuit.
472 3779 566 3850 Item
584 3803 694 3871 quum
707 3779 803 3862 dicit,
817 3787 979 3850 naturam
996 3780 1108 3872 ipsam
1121 3777 1257 3860 dooere,

211 3894 360 3965 semines
377 3894 542 3966 velandas
558 3917 646 3979 esse,
664 3919 744 3988 quae
770 3895 937 3986 capillum
962 3917 1026 3986 pro
1050 3901 1258 3986 tegumento

162 4018 249 4089 soen
282 4020 491 4083 ornamento
524 4010 732 4081 mulieribus
759 4013 975 4104 assignaret:
1010 4032 1129 4080 nonne
1161 4009 1257 4079 idem

211 4135 461 4222 tegumentum
479 4136 516 4200 et
530 4128 624 4199 idem
641 4127 754 4198 honor
770 4127 895 4220 capitis
910 4126 1101 4219 virginibus
1117 4149 1257 4218 quoque

210 4245 407 4339 adscriptus
417 4245 496 4316 esti
514 4243 554 4314 Si
572 4240 712 4314 mulieri
728 4251 828 4338 turpe
844 4252 892 4314 erl
904 4241 996 4326 rodi,
1011 4243 1044 4330 (1
1061 4241 1141 4313 Cor.
1153 4239 1256 4330 xrs.)

210 4369 248 4432 et
278 4363 405 4456 virgini
433 4362 589 4454 perinde.
641 4361 684 4432 In
718 4361 845 4452 quibus
879 4383 963 4454 ergo
997 4382 1068 4430 una
1101 4359 1257 4430 conditio

701 4484 769 4555 Qss
