3316 5198
403 465 467 529 DE
491 463 892 529 PRAESCRlPTlONE
918 464 1043 526 HAER.
1188 465 1253 534 129

207 637 349 710 culum
371 639 540 732 spantia:
566 637 637 709 iltae
661 637 752 709 enim
778 636 820 708 de
844 661 898 708 mc
921 635 1117 732 loqueum
1170 635 1253 708 Hoc

208 755 286 836 crit,
315 753 477 844 (inserite,
506 762 537 826 et
570 755 760 826 incutiatis.
813 754 910 825 Nam
940 763 978 824 et
1004 755 1189 846 sequentia
1214 753 1335 822 innuo.
1344 758 1386 806 vs.

208 869 232 940 J
234 871 357 941 udaeos
373 881 575 964 competere
600 872 829 942 manifestum
855 881 931 943 est:
958 869 1110 954 Pulsate,
1127 880 1159 942 et
1175 893 1254 966 ape-

208 988 321 1059 rietur
336 986 438 1060 cobis.
489 988 608 1059 Judaei
631 996 726 1059 retro
742 1010 851 1081 penes
869 988 988 1058 Deum
1004 988 1168 1072 fuerant;
1194 986 1255 1056 de-

181 1104 292 1185 shinc
318 1105 421 1196 ejecti
448 1105 494 1175 ob
520 1103 659 1189 delicta,
686 1116 789 1177 extra
814 1105 933 1176 Deum
958 1127 1035 1176 esse
1060 1112 1253 1198 coeperunt.

210 1221 385 1293 Nationes
408 1245 491 1292 vero
514 1245 707 1316 numquam
732 1247 841 1317 penes
864 1223 1004 1306 Deum;
1029 1223 1095 1293 nisi
1120 1219 1364 1292 stitia-run.

208 1337 305 1410 dium
331 1338 373 1410 de
397 1337 511 1422 situla,
537 1348 569 1410 et
588 1337 705 1434 puluis
730 1364 774 1411 ec
799 1362 906 1418 orca,·
931 1347 969 1409 et
995 1338 1078 1408 foris
1103 1359 1251 1430 semper.
1262 1301 1396 1415 lrlic'll

209 1455 336 1546 Itaque
361 1457 422 1547 qui
448 1455 531 1526 foris
556 1479 704 1550 semper,
728 1458 905 1549 quomodo
932 1455 1087 1548 pulsabit
1112 1477 1166 1537 eo,
1192 1455 1253 1526 ubi

208 1595 402 1666 numquam
428 1574 521 1644 fuit?
554 1596 660 1664 quam
684 1574 831 1665 januam
857 1573 966 1654 novit,
992 1573 1029 1641 in
1056 1593 1163 1663 quarn
1188 1594 1255 1641 neo

164 1718 198 1756 ιο
209 1699 381 1781 receptus,
405 1713 471 1760 neo
498 1691 632 1782 ejectus
659 1688 870 1780 aliquando?
897 1686 958 1762 An
980 1685 1073 1783 (sor.
1099 1687 1154 1758 At
1180 1688 1256 1758 sinc

209 1807 387 1903 iotnrop.)
411 1808 471 1898 qui
497 1808 564 1876 scit
587 1830 625 1880 se
650 1808 746 1875 intus
769 1805 877 1876 fuisse
902 1814 941 1876 et
963 1807 1055 1875 foras
1077 1813 1207 1886 actum,
1226 1806 1255 1875 is

208 1925 326 2015 potius
352 1922 517 2014 pulsabit,
543 1932 580 1993 et
605 1923 737 1992 ostium
764 1921 888 1992 noviti
915 1921 1044 2003 Etiam,
1070 1919 1194 2003 Petite,
1224 1930 1256 1992 ct

208 2041 393 2134 accipietis,
412 2041 445 2110 ei
463 2040 644 2133 competit,
663 2039 724 2130 qui
744 2039 879 2108 sciebat
896 2059 917 2106 a
934 2059 1004 2127 quo
1022 2045 1115 2106 esset
1132 2045 1256 2129 peten-

209 2159 305 2238 durn,
333 2179 354 2226 a
383 2180 453 2248 quo
483 2165 521 2225 et
555 2163 631 2225 erat
665 2153 796 2245 aliquid
827 2153 1085 2246 repromissum,
1120 2177 1142 2225 a
1175 2153 1254 2223 Deo
1263 2159 1342 2212 5¹⁰⁸·
1351 2161 1386 2211 iit.

168 2307 176 2346 ι
182 2269 344 2362 5scilicet
371 2271 565 2353 Abraham,
597 2271 705 2352 Isaac,
732 2278 770 2339 et
799 2271 934 2341 Jacob:
961 2294 1067 2362 quem
1095 2273 1256 2342 nationes

209 2411 280 2458 non
310 2389 423 2481 magis
457 2393 637 2468 noverant,
672 2408 779 2478 quarn
807 2385 915 2455 ullam
950 2388 1255 2479 repromissionem

210 2506 295 2596 ejus.
332 2505 380 2574 Et
397 2503 477 2573 ideo
494 2503 540 2574 ad
558 2502 667 2574 Israel
685 2501 907 2594 loquebatur:
934 2500 1015 2573 Non
1032 2523 1118 2587 curn,
1130 2505 1254 2596 inquit,
1264 2517 1339 2566 Matr.
1348 2533 1389 2596 ᾖν.

210 2737 355 2808 canibus
376 2737 537 2828 jactabat
566 2756 693 2828 ponem
721 2732 893 2805 filiorum:
918 2737 1076 2806 nondum
1102 2740 1139 2806 in
1164 2738 1258 2807 viam

166 2885 203 2924 ιο
211 2855 395 2924 nationum
411 2855 464 2924 irc
481 2851 682 2922 mandabat.
735 2849 919 2941 Siquidem
940 2854 976 2922 in
994 2853 1064 2924 fine
1081 2855 1258 2946 pracepit,

213 2976 254 3038 ut
282 2969 451 3036 vaderent
484 2968 528 3036 ad
559 2965 734 3037 docendas
767 2974 805 3037 et
838 2969 1050 3062 tinguendas
1077 2971 1259 3053 nationes;

214 3082 464 3172 consequuturi
494 3105 579 3151 mox
610 3080 782 3175 Spiritum
818 3083 990 3154 Sanctum
1024 3083 1258 3167 Paracletum,

213 3199 274 3290 qui
293 3196 372 3267 illos
393 3198 609 3268 deducturus
629 3208 722 3269 esset
740 3200 777 3268 in
802 3222 943 3270 omnem
963 3203 1158 3270 veritatem.
1211 3199 1259 3270 Et

213 3312 280 3384 hoc
298 3336 382 3406 erga
398 3311 478 3382 illos
490 3313 585 3384 facit.
621 3313 726 3396 Quod
745 3316 773 3386 si
786 3315 989 3386 nationibus
1000 3317 1165 3386 destinati
1179 3316 1261 3386 doc-

166 3449 201 3509 25
212 3439 307 3501 tores
339 3429 499 3523 apostoli,
525 3431 591 3523 ipsi
625 3454 766 3523 quoque
800 3434 984 3503 doctorem
1010 3433 1259 3524 consequuturi

212 3555 313 3618 erant
341 3546 585 3630 Paracletum
611 3547 726 3618 multo
756 3549 869 3642 magis
898 3549 1045 3620 vacabat
1075 3570 1159 3641 erga
1187 3570 1260 3629 nos,

214 3662 377 3752 Quoerita
403 3673 434 3736 ct
457 3664 656 3736 invenietis:
688 3664 816 3756 quibus
842 3663 937 3736 ultro
966 3673 1042 3736 erat
1065 3665 1261 3736 obventura
1269 3677 1386 3726 Met-vii

215 3781 374 3851 doctrina
385 3805 449 3874 per
465 3782 652 3874 apostolos,
670 3790 707 3852 et
725 3783 807 3872 ipsis
824 3781 991 3874 apostolis
1008 3805 1072 3874 per
1088 3744 1340 3872 SpiritumRom
1350 3759 1392 3790 'v'

215 3896 398 3966 Sanctum.
422 3897 553 3969 Omnia
562 3899 707 3990 quidem
718 3900 813 3968 dicte
822 3897 967 3968 Domini
979 3899 1142 3969 omnibus
1150 3899 1265 3988 posite

167 4021 308 4100 30sunt‚
333 4036 414 4103 quae
437 4037 500 4105 per
521 4039 623 4086 aures
643 4015 853 4112 Judaeorum
874 4016 918 4084 ad
944 4039 1009 4085 nos
1029 4017 1263 4096 transiemnt;

216 4129 279 4198 sed
304 4128 471 4223 pleraque
494 4131 530 4199 in
557 4155 721 4223 personas
747 4133 889 4215 directa,
915 4156 986 4203 non
1013 4133 1264 4225 proprietatem

216 4245 468 4318 admonitionis
484 4248 585 4318 nobis
602 4251 872 4332 constituerunt,
890 4248 953 4318 scd
970 4246 1185 4341 exemplum.

736 4387 754 4436 s
