3310 5224
394 477 437 540 20
507 476 539 539 S.
557 475 832 540 POLYCARPI
857 472 1008 538 EPIST.
1031 473 1099 537 AD
1122 471 1332 536 PHILIPP.

394 650 631 729 ἐνετείλοοθε·
660 647 788 731 οἵτινες
807 645 1085 746 ι’πνσνεταγμέναι
1103 646 1175 724 εἶσὶ
1198 651 1243 749 τῇ
1266 647 1443 748 ἐπιστολῇ

395 775 519 881 ‘milli‘
550 776 594 882 ἐξ
609 772 659 855 ὧν
675 774 818 877 Μάλα
836 777 1087 880 ’ὠφεληθῆναι
1110 770 1321 871 δυνήσεσθε.
1370 777 1443 852 Πε-

395 901 555 1007 ριέχουσι
577 901 649 1006 γὰρ
670 904 804 998 πίστιν,
828 904 886 980 καὶ
908 898 1100 1000 ὑπομονὴν,
1119 903 1177 979 καὶ
1200 906 1325 979 πᾶσαν
1343 904 1440 979 cirro-

396 1028 509 1130 δομὴν
526 1028 593 1130 τὴν
611 1036 660 1114 εἰς
677 1029 741 1110 τὸν
760 1029 897 1133 Κύρων
914 1029 1015 1128 ἡμῶν
1033 1029 1248 1128 ἀνήκουσαν.

396 1205 529 1265 misimur
542 1207 633 1274 vobis,
647 1206 805 1265 secundum
821 1204 899 1282 quod
941 1204 1037 1262 tinent
1051 1203 1128 1262 enim
1148 1201 1245 1272 fidem,
1261 1201 1469 1281 patientiams

397 1287 555 1345 mandastis
565 1310 575 1356 ;
597 1307 661 1364 quae
679 1299 748 1344 sunt
763 1286 900 1362 subjecte
941 1297 971 1342 et
1002 1303 1116 1342 omnem
1152 1283 1372 1341 {edificationem
1407 1283 1444 1340 ed

398 1367 626 1446 huicepistolec:
649 1387 685 1426 ex
700 1368 899 1444 quibusmag·
942 1365 1102 1423 Dominum
1132 1373 1264 1422 nostrum
1294 1365 1442 1442 pertinen·

398 1467 453 1506 nus
468 1449 550 1506 vobis
564 1448 619 1507 erit
634 1449 791 1528 profectus.
822 1449 900 1505 Con·
942 1458 1010 1505 tem.

442 1579 487 1646 Et
509 1582 550 1645 de
574 1582 643 1667 ipso
667 1582 802 1668 lgnnlio,
823 1588 857 1646 et
876 1583 916 1647 de
936 1582 1005 1646 bhie
1028 1580 1080 1666 qui
1104 1601 1176 1644 cum
1197 1602 1236 1645 eo
1258 1587 1342 1661 sunl,
1359 1582 1445 1666 quod

398 1685 515 1749 certius
530 1685 731 1771 agnoveritis,
747 1685 931 1771 significate.
1316 1743 1318 1746 .
1457 1722 1493 1761 10

442 1785 542 1851 XIV.
560 1787 641 1852 Haec
655 1788 744 1852 vobio
765 1788 876 1875 scripsi
898 1811 956 1874 per
977 1787 1188 1865 Crescentem,
1206 1809 1299 1872 quem
1317 1788 1350 1851 in
1364 1809 1445 1873 pree·

398 1897 520 1954 nentem
535 1890 619 1954 diem
634 1891 849 1955 commendavi
864 1891 962 1967 vobis,
978 1897 1011 1955 el
1026 1913 1109 1955 nunc
1124 1890 1321 1956 commendo.
1364 1890 1445 1955 Ocn-

398 1999 542 2058 vcreetue
560 1999 610 2057 eet
631 1993 715 2057 enim
737 1993 901 2057 nobiscum
923 1992 1174 2077 inculpabiliter:
1197 1993 1293 2057 eredo
1315 1993 1390 2076 quio
1411 1999 1445 2058 et

399 2095 560 2158 vobiscum
574 2095 727 2159 similiter.
751 2095 899 2158 Sororem
913 2101 1021 2158 nutem
1037 2095 1105 2180 ejus
1119 2093 1279 2159 habebitis
1289 2115 1445 2160 commen·

399 2197 519 2275 delam,
535 2218 632 2282 quum
645 2197 767 2262 venerii
781 2197 824 2261 ed
838 2220 903 2262 vos.
949 2197 1127 2263 Incolumes
1141 2205 1245 2263 estote
1259 2198 1293 2261 in
1307 2198 1491 2279 Domin015

399 2301 424 2364 J
424 2323 481 2365 esu
496 2299 633 2379 Christo,
649 2300 700 2363 cin
714 2300 830 2386 gralia,
846 2322 917 2364 cum
932 2300 1078 2366 omnibus
1092 2301 1217 2366 vestris.
1262 2301 1379 2366 Amen.

823 2449 865 2495 Ec
875 2447 1028 2496 Smillicdit.

433 2521 448 2552 ⁸
459 2510 497 2560 nl.
510 2510 615 2574 (lornarii
628 2509 792 2576 Martyrium)
803 2510 1008 2574 Ὦφεληθήοεσθι.
1102 2512 1117 2553 b
1129 2510 1172 2560 Al.
1182 2512 1249 2574 ἱροῦ.
1344 2521 1357 2550 ⁰
1369 2509 1412 2560 Al.
1423 2516 1448 2560 ee

397 2579 479 2640 mna
489 2578 575 2640 ipsius.
