3326 5200
345 478 584 544 EPISTOLA
607 479 675 544 AD
699 481 732 544 S.
756 481 1063 547 CYPRIANUM.
1169 483 1235 553 2³9

185 653 389 728 constitutis
426 651 601 736 fidelibus,
636 663 674 724 et
707 653 779 726 huc
811 663 921 747 atque
954 654 1039 726 illuc
1072 678 1236 750 persecu·

185 770 294 842 tionis
319 777 421 842 metu
450 769 679 865 fngientibus,
705 779 744 842 et
772 771 903 864 patrias
926 793 1007 842 suas
1035 771 1236 866 relinquen·

187 887 292 970 tibus,
309 895 419 980 atque
444 887 481 958 in
507 886 593 958 alias
617 895 736 981 partes
760 887 945 981 regionum
971 889 1236 962 transeuntibus

188 1001 400 1092 (eratenim
426 1003 631 1074 transeundi
659 1001 818 1086 facultas,
839 1026 883 1074 eo
914 1005 1009 1096 quod
1036 1008 1236 1098 persecutio

160 1118 258 1202 silla,
285 1141 358 1189 non
384 1141 449 1211 per
471 1127 590 1190 totum
618 1119 803 1201 mundum,
833 1119 895 1189 sed
929 1118 1051 1192 localis
1085 1121 1235 1215 fuisset),

188 1235 333 1307 emersit
348 1235 429 1306 istic
446 1234 564 1306 subito
582 1233 748 1327 quaedam
770 1234 908 1319 mulier,
925 1259 1008 1328 quae
1032 1239 1070 1308 in
1095 1240 1236 1310 extasin

188 1351 392 1432 constituta,
409 1350 606 1444 propheten
632 1372 671 1420 se
695 1351 887 1443 praeferret,
914 1361 952 1424 et
978 1355 1076 1446 quasi
1103 1353 1237 1426 Sancto

189 1464 324 1560 Spiritu
350 1465 457 1560 plena
484 1467 534 1538 sic
563 1474 696 1560 ageret.
748 1467 806 1538 Ita
839 1477 961 1540 autem
988 1471 1236 1564 principalium

189 1583 441 1652 demoniorum
483 1582 622 1675 impetu
667 1582 856 1664 ferebatur,
899 1592 941 1653 ut
984 1607 1048 1675 per
1087 1584 1235 1678 longum

145 1705 330 1791 rotempus
353 1697 560 1770 sollicitaret
576 1707 614 1770 et
636 1699 816 1791 deciperet
836 1699 1106 1782 fraternitatem,
1123 1700 1235 1772 admi-

189 1813 314 1886 rabilia
330 1813 490 1907 quaedam
508 1823 546 1884 et
562 1821 768 1908 portentosa
782 1814 988 1906 perficiens;
1009 1823 1046 1885 et
1063 1816 1179 1887 facere
1196 1839 1236 1886 se

189 1938 321 2002 terram
353 1933 488 2002 moveri
522 1931 759 2024 polliceretur.
828 1929 915 2002 Non
948 1932 1044 2023 quod
1081 1933 1235 2004 daemoni

189 2051 291 2116 tanta
323 2054 418 2118 esset
450 2055 617 2140 potestas,
650 2056 693 2118 ut
727 2055 858 2118 terram
892 2069 1035 2118 movere
1068 2056 1132 2119 aut
1165 2048 1238 2120 ele-

190 2170 351 2232 mentum
369 2171 558 2234 concutere
576 2165 611 2233 vi
628 2187 692 2235 sua
704 2162 860 2246 valeret;
885 2164 947 2234 sed
963 2164 1059 2256 quod
1075 2186 1238 2234 nonnun-

145 2303 155 2344 ι
162 2299 179 2362 5
191 2300 298 2369 quam
314 2280 457 2371 spiritus
474 2303 627 2371 nequam
653 2280 841 2372 praesciens
858 2287 896 2350 et
913 2279 1116 2374 intelligens
1132 2289 1239 2351 terrae

189 2401 329 2466 motum
363 2394 534 2479 futurum,
568 2395 605 2466 id
639 2418 677 2466 se
711 2395 888 2465 iacturum
930 2417 1008 2466 eme
1045 2395 1239 2478 simularet,

190 2512 285 2602 qnod
310 2511 472 2582 futurum
489 2510 637 2582 videret.
688 2509 828 2595 Quibus
852 2511 1046 2582 mendaciis
1069 2519 1106 2582 et
1125 2511 1241 2602 jacta

190 2625 347 2697 tionibus
398 2627 587 2720 subegerat
632 2635 772 2698 mentes
820 2626 1052 2720 singulorum,
1088 2636 1131 2697 ut
1173 2626 1240 2697 sibi

191 2741 388 2825 obedirent,
434 2751 473 2813 et
514 2765 725 2835 quocunque
767 2745 972 2836 preciperet
1014 2752 1053 2814 et
1095 2744 1241 2813 duceret

145 2866 441 2950 coaequarentur:
467 2858 600 2929 facere
626 2881 767 2951 qnoque
793 2859 979 2931 mulierem
1008 2859 1108 2930 illam
1133 2859 1243 2930 enrda

192 2971 322 3065 hyeme
354 2974 459 3044 nudis
492 2973 643 3065 pedibus
676 2997 741 3066 per
772 2998 913 3068 asperas
946 2977 1045 3045 nives
1079 2976 1141 3056 ire,
1175 2997 1242 3044 nec

193 3091 314 3160 vexari
343 3091 380 3160 in
409 3088 529 3183 aliquo
558 3098 622 3160 aut
651 3089 730 3160 laedi
756 3089 818 3161 illa
842 3091 1080 3161 discursione:
1107 3091 1242 3160 diceret

193 3205 303 3274 etiarn
337 3227 374 3276 se
407 3206 445 3275 iu
474 3205 641 3276 Judaeam
675 3213 713 3276 et
746 3203 1030 3298 Hierosolymam
1065 3207 1241 3289 festinare,

192 3319 329 3413 fingens
354 3329 523 3412 tanquam
553 3321 636 3391 inde
661 3321 825 3392 venisset.
877 3320 951 3392 Hic
984 3330 1022 3393 et
1050 3345 1163 3394 unum
1197 3321 1242 3391 de

148 3465 182 3526 ²5
194 3437 405 3530 presbyteris
422 3438 605 3520 misticum,
616 3439 703 3508 item
720 3447 758 3508 et
770 3436 880 3508 alium
898 3438 1087 3508 diaconum
1104 3437 1242 3520 fefellit,

194 3561 236 3623 ut
253 3554 370 3624 eidem
394 3553 536 3624 mulieri
561 3555 884 3638 commiscerentur,
911 3557 1005 3646 quod
1031 3554 1137 3646 paulo
1163 3561 1244 3647 post

195 3668 378 3740 detectum
395 3678 463 3740 est.
512 3669 609 3740 Nam
627 3669 745 3740 subito
762 3671 925 3762 apparuit
941 3670 992 3739 illi
1010 3693 1103 3740 nnus
1119 3669 1165 3740 de
1182 3692 1244 3739 ex-

196 3785 342 3866 orcistis,
360 3787 414 3855 vir
437 3785 607 3877 probatus
632 3793 670 3856 et
686 3787 780 3857 circa
802 3785 1003 3878 religiosam
1023 3783 1243 3877 disciplinam

195 3899 288 3970 bene
318 3923 457 3992 semper
486 3913 723 3984 conversatus,
747 3903 807 3992 qui
834 3901 1081 3971 exhortatione
1101 3922 1244 3992 quoque

1 4011 2 4018 ’
149 4015 345 4106 ,omnum
370 4015 615 4109 plurimorum,
633 4020 694 4111 qui
720 4027 757 4088 et
774 4017 839 4109 ipsi
865 4017 973 4086 fortes
990 4039 1032 4086 ac
1049 4015 1244 4086 laudabiles

196 4133 234 4201 in
251 4133 323 4202 fide
348 4133 505 4216 aderant,
524 4135 712 4215 excitatus,
730 4134 844 4202 erexit
860 4153 899 4202 se
916 4139 1040 4202 contra
1056 4130 1158 4200 illurn
1175 4131 1244 4222 spi-

197 4250 305 4319 ritum
326 4271 480 4341 nequam
506 4249 757 4320 revincendum
775 4245 866 4342 (sor.
884 4247 930 4318 ad
955 4248 1244 4340 revincendum);

196 4366 256 4456 qui
275 4363 396 4436 subtili
414 4363 554 4436 fallacia
570 4366 678 4438 etiam
704 4364 771 4436 hoo
798 4362 903 4456 paulo
919 4371 1003 4434 ante
1020 4363 1244 4455 praedixerat,
