3294 5192
345 453 396 518 IN
419 453 638 519 cANONus
662 453 845 518 NICAENl
870 455 1097 520 CONCILII.
1186 459 1247 521 411

598 623 752 692 GANON
774 623 855 691 XV.

245 743 328 808 lbid.
351 745 371 809 l.
391 761 439 828 17.
469 743 504 824 ἧς
528 748 546 808 δ
573 747 748 830 ἐπίσκοπος]
775 745 882 832 Vulgo
907 746 1024 832 legitur
1049 743 1078 834 ᾗ,
1106 745 1157 812 cui
1183 747 1250 832 qui·

200 831 274 894 dem
289 828 349 894 scri
373 837 455 895 turae
475 830 583 896 iuvent
599 829 727 917 plurimi
741 831 865 896 codices
880 831 1055 912 Bodleiuni,
1071 832 1251 918 codicieque

201 915 315 981 Tilieni
346 853 576 1002 interpretatio
605 923 639 982 et
667 917 813 1002 Dionysii
842 917 961 1004 Exigui
990 919 1092 984 versio
1123 918 1250 985 Latina.

201 999 366 1067 Praestunt
392 1005 426 1068 ἐν
456 999 470 1026 ’
496 1001 615 1068 Bevere
638 1002 658 1018 '⁶
685 1003 888 1088 Synodicum,
916 1010 950 1068 et
970 1005 1075 1069 Graeci
1096 1012 1250 1083 recentes,

199 1094 234 1152 et
256 1087 409 1154 Oollectic
455 1109 594 1153 euenum
647 1089 836 1168 uernellunn,
853 1103 887 1156 et
908 1090 979 1154 duae
996 1090 1132 1156 Veteres
1148 1090 1251 1155 luter·

200 1173 397 1259 pretationee
426 1173 551 1240 Letinae
582 1196 602 1239 α
628 1175 780 1240 frutribus
809 1175 977 1240 Bnllerinie
1005 1176 1039 1240 in
1065 1175 1119 1261 Ap
1142 1177 1251 1241 endice

199 1259 242 1323 ud
258 1259 291 1324 S.
305 1259 444 1324 Leonem
464 1261 620 1346 Magnum
635 1261 739 1326 editae.
774 1261 839 1326 Sed
854 1263 897 1329 είς
910 1260 947 1340 ἣν
962 1261 1093 1326 exhibet
1132 1284 1251 1326 oannes

200 1344 430 1410 Antiochenue.
475 1345 609 1411 Praetnli
627 1369 688 1447 ego
707 1346 875 1413 lectionem
889 1347 933 1428 ἧς,
949 1369 1020 1433 qnce
1034 1355 1127 1413 extet
1141 1348 1174 1412 in
1190 1349 1251 1414 Ge-

199 1429 270 1494 lucii
285 1431 379 1496 Actis
394 1431 516 1496 Nicaeni
531 1432 671 1511 (lencilir,
688 1433 779 1498 codd.
802 1434 926 1498 duobus
948 1433 1129 1498 Bcdleienie
1148 1441 1251 1498 vetue-

199 1516 330 1582 tissimis
353 1519 393 1580 26
413 1524 447 1582 et
465 1519 563 1604 3385.
585 1518 689 1584 tribus
710 1519 802 1584 codd.
826 1519 950 1605 Lloydii
974 1519 1124 1606 episcopi,
1147 1520 1252 1605 prisce

200 1601 479 1668 Letianereione
489 1603 574 1704 apud
582 1603 765 1683 lunellum,
774 1605 992 1690 Versioneque
1003 1605 1127 1670 Isidori.
1149 1605 1250 1672 Grute-

199 1709 271 1750 rum
292 1710 384 1753 voces
403 1699 458 1753 ααί
477 1689 623 1754 draccum
642 1698 716 1776 post
728 1689 887 1776 presbyter
900 1697 1013 1756 extent
1028 1690 1114 1790 apud
1129 1699 1251 1756 veteres

200 1772 372 1839 Versiones
389 1773 531 1854 Latinus,
547 1775 717 1861 habetque,
733 1777 790 1842 sed
808 1779 992 1842 urceorum
1007 1777 1135 1862 quidem
1155 1776 1249 1852 solue,

198 1857 343 1924 Ioannes
358 1861 580 1925 Antiochenue
593 1859 612 1941 ἦ
627 1861 770 1936 διάκονος,
787 1863 855 1928 sine
869 1862 1013 1942 articulo,
1029 1869 1128 1947 utque
1138 1862 1249 1928 itidem

199 1943 267 2010 uine
281 1945 418 2012 articulo
434 1949 594 2016 ἐπίσκοπος
608 1954 642 2012 et
656 1951 868 2030 πρεσβύτερος.

585 2081 740 2146 ΟΑΝΟΝ
762 2079 862 2147 XVI.

242 2182 281 2245 P.
294 2181 370 2267 380.
387 2181 407 2246 l.
424 2203 474 2248 10.
497 2182 674 2266 ὑφαρπάσαι
693 2184 748 2247 τὸν
765 2188 806 2270 τῷ
827 2181 916 2270 ἑτέρῳ
932 2181 1127 2269 διαφέροιντο]
1146 2183 1249 2270 Hesy-

198 2267 299 2346 chiuS‚
317 2266 472 2350 Διαφέρει,
488 2269 600 2350 durinci.
645 2269 712 2334 Ubi
728 2269 888 2334 Kueterus
907 2271 963 2348 uit,
981 2278 1000 2306 “
1012 2270 1123 2350 ἀνήκει,
1144 2271 1177 2334 id
1199 2277 1250 2336 est

200 2361 219 2388 “
227 2353 371 2438 pertinet,
387 2354 436 2418 vel
455 2355 592 2420 attinet?
627 2356 738 2421 Cenon
760 2357 950 2442 Ancyranus
965 2355 1045 2420 XV.
1062 2355 1153 2421 initio
1170 2356 1249 2443 ipso,

199 2439 276 2521 Περὶ
299 2445 359 2504 τῶν
380 2442 584 2523 διαφερόντων
608 2445 649 2527 τῷ
672 2443 806 2527 κνριακῷ.
838 2441 914 2507 Vct.
940 2442 1115 2530 Interpre8‚
1138 2443 1187 2508 De
1210 2444 1251 2507 iic

198 2546 267 2610 qcae
283 2526 440 2610 pertinent
462 2527 507 2590 cd
527 2527 686 2592 cenetam.
730 2526 842 2593 Habet
865 2528 1010 2593 loannes
1029 2528 1251 2594 Antiocheuus

198 2615 265 2674 τινὰ
286 2612 349 2690 τὸν,
372 2635 443 2697 quae
463 2613 599 2680 sonasse
621 2614 715 2679 lectio
737 2615 854 2700 duplex
873 2623 932 2680 eet.
971 2614 1154 2680 Notissimae
1176 2621 1251 2678 sunt

198 2695 354 2761 Demetrii
385 2697 593 2764 Alexandrini
620 2700 759 2784 episcopi
789 2701 924 2785 querelae
954 2701 994 2764 de
1026 2699 1176 2764 ordinato
1209 2700 1251 2764 ub

198 2781 386 2847 Alexandro
399 2783 539 2849 AEliensi
554 2784 669 2850 celebri
688 2785 825 2870 Origene
837 2787 869 2848 in
884 2786 1109 2932 presbyterum
1129 2785 1251 2871 injussu

198 2867 340 2951 ejusdem
360 2867 527 2933 Demetrii.
571 2870 731 2934 Oaeterum
746 2871 842 2934 verbe
861 2871 882 2932 il
895 2893 915 2934 u
935 2870 1027 2934 initio
1046 2871 1175 2934 cunonis
1195 2893 1250 2956 pu

198 2953 271 3029 situ,
295 2952 368 3032 μήτε
388 2953 441 3018 τὸν
460 2951 562 3036 φόβον
581 2959 634 3018 τοῦ
654 2959 737 3018 Θεοῦ
756 2955 814 3036 πρὸ
835 2957 1001 3036 ὀφθαλμῶν
1025 2955 1157 3038 ἔχοντες,
1177 2977 1251 3021 exu-

197 3038 329 3102 mussim
344 3037 562 3102 convenientia
577 3060 649 3102 cum
664 3039 863 3104 accusatoria
877 3040 1022 3116 formula,
1039 3061 1110 3124 qnae
1128 3040 1162 3104 in
1178 3043 1251 3126 jure

198 3123 336 3209 Anglico
347 3123 480 3201 obtinet,
494 3125 559 3188 Not
572 3123 684 3207 λαοὶιιρ
699 3124 745 3187 lle
751 3125 830 3208 sear
843 3126 883 3209 ⁰s
892 3126 961 3189 eod
970 3125 1066 3210 before
1076 3125 1155 3190 their
1164 3149 1248 3210 eyes,-

198 3218 305 3274 ortum
320 3209 436 3273 debere
451 3231 543 3273 sunm
558 3209 702 3274 Paulinis
717 3209 778 3274 illis
792 3210 825 3273 in
836 3212 922 3274 Ιίονι.
936 3211 979 3276 iii.
996 3213 1044 3276 18.
1060 3233 1112 3275 me
1126 3212 1251 3277 monuit

198 3314 329 3359 amicus.

242 3379 322 3444 lbid.
341 3379 427 3445 l.11.
452 3382 485 3446 lv
500 3381 535 3470 τῇ
551 3382 641 3446 αὑτοῦ
656 3383 811 3466 ἐκκλησίᾳ]
831 3384 929 3447 Atrei?
942 3403 1001 3468 pro
1015 3381 1145 3468 vulgato
1161 3383 1250 3447 αὐτοῦ

197 3486 238 3528 ex
254 3465 386 3530 Pedulic
402 3467 591 3532 Graecorum
606 3466 878 3554 Versicnibusque
898 3467 1023 3532 Latinis
1043 3467 1157 3553 recepi,
1174 3469 1250 3532 dum

198 3551 593 3704 gcfflellrlulffililelusius
617 3553 797 3640 Cyzicenus.
856 3554 919 3618 Sed
946 3554 1089 3618 conserus
1113 3561 1179 3618 not.
1206 3553 1250 3619 ud

575 3773 728 3838 OANON
750 3772 870 3838 XVII.

242 3891 326 3956 lbid.
350 3891 370 3955 l.
397 3891 446 3955 18.
477 3895 640 3959 lncrocrdr
665 3890 903 3971 ἀπαιτοῦσιν-ἣ
928 3892 1065 3972 ἡμιολίας
1094 3891 1246 3978 δπαιπεΐν]

197 3975 317 4042 Concil.
336 3976 507 4041 Laodiceni
523 3977 601 4043 Oun.
618 3978 676 4041 IV.
692 3977 828 4058 περὶτοῦ
841 3977 881 4057 μδ
896 3981 959 4042 δεῖν
974 3977 1134 4058 {sparnone
1148 3981 1248 4042 δανεί·

196 4071 267 4138 ζειν,
285 4063 333 4127 καὶ
347 4065 460 4137 τόκους,
477 4065 525 4128 καὶ
540 4065 592 4129 τὰς
606 4061 773 4144 λεγομένας
787 4062 923 4142 ἡμιολίας
937 4062 1116 4142 λαμβάνειν.
1162 4062 1248 4128 Usu-

196 4169 241 4212 rae
264 4148 396 4228 ἡμιολίαι
415 4155 500 4226 sunt,
517 4170 590 4213 cnm
608 4149 706 4212 tertia
725 4169 801 4233 pars
825 4148 904 4212 sorti
930 4169 1098 4214 usurarum
1120 4149 1248 4214 nomine

196 4234 330 4298 accedit.
358 4235 483 4312 Suidue,
498 4235 628 4315 ἡμιολία,
644 4234 679 4296 τὸ
692 4235 784 4313 ἥμισυ
798 4239 850 4298 τοῦ
866 4237 1044 4314 κεφαλαίονε
1062 4242 1096 4299 et
1110 4255 1246 4314 rursum,

195 4319 330 4399 ἡμιόλιός
345 4323 428 4384 ἔστιν
443 4321 565 4403 ἀριθμὸς
578 4322 595 4382 δ
611 4320 691 4402 ἔχων
705 4321 789 4392 ὅλον,
807 4319 903 4383 καὶτὸ
918 4321 1009 4400 ἥμισυ
1024 4321 1123 4386 ciceri.
1155 4322 1247 4386 Ideo-

197 4427 258 4490 que
277 4406 455 4487 ἡμιολισμδς
475 4406 561 4492 apud
582 4405 872 4491 Herpocrationem
891 4413 925 4470 ct
948 4405 1089 4474 Suidum.
1127 4407 1248 4474 Gellius

683 4509 772 4577 3⁶2
