3314 5190
408 443 473 518 296
783 446 815 509 S.
842 441 1077 509 CYPRIANI

408 645 522 693 manae
538 621 723 692 infirmitas
735 628 843 711 atque
856 616 1079 689 imbecillitas
1092 616 1234 696 faceret,
1247 615 1314 684 nisi
1327 615 1457 684 iterum

409 739 522 831 pietas
554 739 673 808 divina
706 737 927 818 subveniens,
954 734 1106 825 justitiae
1140 739 1179 801 et
1208 731 1459 801 misericordiae

410 855 575 948 operibus
591 853 749 935 ostensis,
767 854 860 922 viam
883 850 1058 943 quandam
1077 849 1221 919 tuendae
1238 847 1360 918 salutis
1377 870 1460 939 ape-

410 971 505 1053 riret,
522 979 564 1040 ut
582 971 701 1040 sordes
723 969 950 1061 postmodum
973 988 1199 1058 quascunque
1219 964 1460 1034 contrahimus

412 1085 643 1180 eleemosynis
672 1086 867 1156 abluamus.
920 1083 1095 1175 Loquitur
1120 1083 1158 1151 in
1192 1082 1372 1174 scripturis
1405 1081 1486 1162 di-5

249 1212 356 1262 'rob-iv·
413 1203 503 1272 vinis
531 1201 683 1295 Spiritus
709 1201 861 1272 Sanctus
884 1208 922 1270 et
944 1201 1050 1270 dicit:
1076 1196 1314 1293 Eleemospnis
1336 1205 1368 1267 et
1383 1195 1461 1290 fide

250 1278 375 1328 ΜΝ
413 1318 537 1390 delicte
547 1327 757 1416 purgentur.
801 1317 887 1387 Non
908 1318 1031 1410 utique
1054 1315 1116 1386 illa
1138 1315 1268 1387 delicta
1290 1338 1367 1408 quae
1384 1313 1461 1386 fue-

412 1445 493 1508 rant
526 1444 610 1505 ante
646 1442 837 1504 contracta.
900 1431 997 1502 Nam
1033 1431 1095 1502 illa
1125 1431 1256 1502 Christi
1289 1433 1461 1524 sanguino

413 1562 452 1624 et
485 1552 761 1624 sanctificatione
794 1557 999 1643 purgantur.
1061 1548 1163 1618 Idem
1197 1550 1315 1618 denuo
1354 1550 1460 1619 dicit:

248 1683 384 1735 nunsni.
413 1668 515 1742 Sicut
543 1691 634 1762 apuu
667 1666 838 1762 eetinpuit
867 1665 989 1762 ignem,
1022 1665 1074 1736 sie
1107 1664 1317 1760 eleemosyna
1350 1665 1510 1742 celin-10

409 1788 487 1885 guil
512 1793 698 1880 peecatum.
742 1783 815 1853 Hic
842 1805 982 1874 quoque
1010 1785 1209 1854 ostenditur
1234 1791 1270 1852 et
1293 1783 1463 1874 probatur

413 1905 497 1996 quia
514 1905 605 1974 sicut
628 1902 767 1972 lavaero
790 1923 889 1991 aquae
910 1899 1071 1970 salutaris
1092 1899 1266 1994 gehennae
1288 1899 1378 1992 ignis
1399 1921 1463 1969 ex-

411 2021 597 2112 tinguitur,
632 2019 685 2087 ita
719 2024 757 2086 et
791 2015 1023 2108 eleemosynis
1056 2024 1163 2107 atque
1198 2015 1462 2106 operationibus

408 2136 516 2227 justis
533 2135 744 2206 delictorum
765 2132 909 2202 flamma
930 2134 1075 2225 sopitur.
1127 2131 1175 2202 Et
1192 2129 1275 2223 quia
1298 2130 1408 2201 semel
1425 2133 1462 2202 in

415 2250 592 2341 baptismo
609 2251 753 2320 remissa
775 2257 1000 2341 peccatorum
1019 2249 1131 2330 datur,
1150 2249 1289 2318 assidua
1311 2256 1349 2316 et
1365 2247 1511 2344 jugis15

413 2367 573 2458 operatio
602 2366 768 2459 baptismi
798 2366 908 2435 instar
936 2366 1076 2434 imitata
1105 2363 1174 2434 Dei
1206 2361 1297 2457 (sor.
1328 2362 1462 2456 Deum)

412 2503 534 2551 rursus
557 2481 815 2575 indulgentiam
838 2479 995 2574 largitur.
1045 2481 1126 2552 Hoc
1154 2482 1254 2550 etin
1281 2477 1464 2572 evangelio

418 2595 593 2668 Dominus
618 2599 733 2668 docet.
782 2596 880 2667 Nam
907 2621 989 2668 cum
1019 2598 1274 2668 denotarentur
1303 2593 1464 2688 discipuli

417 2713 493 2805 ejus
518 2713 612 2804 quod
638 2714 794 2796 ederent,
820 2736 886 2784 nee
911 2714 1008 2805 prius
1032 2735 1157 2783 manus
1183 2712 1386 2795 abluissent,
1411 2735 1466 2782 re·

254 2851 315 2900 mo.
327 2849 361 2899 xi.
417 2830 559 2921 spondit
576 2837 613 2899 et
631 2831 741 2901 dixit:
769 2827 938 2924 Quiseeit
954 2829 1046 2924 quod
1061 2830 1154 2901 intus
1167 2828 1315 2925 eriserit
1331 2839 1363 2900 et
1375 2827 1467 2924 quod
1476 2867 1515 2906 20

406 2943 508 3041 soris
541 2954 600 3016 ert.
661 2943 785 3015 Verum
819 2944 897 3015 dele
922 2943 1176 3044 eleemosynam,
1206 2954 1239 3015 et
1273 2969 1345 3016 ecoe
1373 2943 1466 3016 uobis

418 3061 547 3132 mande
576 3062 703 3133 omnia.
755 3061 897 3133 Dooens
931 3061 1066 3132 scilicet
1100 3071 1138 3132 et
1171 3063 1361 3132 ostendens
1394 3084 1466 3132 non

417 3201 544 3250 manus
560 3178 725 3249 lavandas
738 3201 824 3262 esse,
839 3179 899 3248 sed
918 3186 1052 3270 pectus,
1071 3187 1107 3248 et
1121 3178 1240 3249 sordes
1257 3179 1466 3248 intrinsecus

419 3296 537 3387 potius
568 3318 674 3386 quam
704 3297 923 3364 extrinsecus
953 3293 1207 3377 detrahendam
1253 3317 1376 3366 verum
1405 3294 1466 3386 qui

419 3413 621 3504 purgaverit
639 3412 733 3504 quod
750 3420 805 3480 est
827 3411 933 3492 intus,
951 3433 1033 3480 eum
1057 3433 1198 3501 quoque
1218 3411 1255 3480 id
1272 3412 1367 3502 quod
1383 3409 1468 3480 foris
1479 3447 1494 3487 2
1498 3445 1517 3505 5

419 3535 474 3597 est
497 3549 712 3621 repurgasse,
736 3535 774 3597 et
797 3527 989 3597 emundata
1012 3534 1142 3607 mente,
1160 3534 1243 3596 cute
1266 3548 1406 3617 quoque
1429 3533 1468 3595 et

411 3645 756 3736 ‘corporemundum
774 3665 849 3713 esse
867 3643 1024 3736 coepisse.
1059 3641 1168 3713 Porro
1181 3649 1303 3712 autem
1318 3665 1469 3714 monens

420 3768 458 3830 et
481 3759 670 3830 ostendens
695 3758 790 3828 unde
813 3760 937 3830 mundi
960 3767 997 3829 et
1022 3758 1163 3852 purgati
1186 3781 1262 3828 esse
1285 3759 1469 3851 possimus,

418 3861 557 3948 addidit
574 3875 813 3969 eleemosynas
830 3897 907 3945 esse
924 3875 1111 3945 feriendae.
1148 3872 1351 3945 Misericors
1363 3875 1471 3946 docet

421 4003 459 4065 et
475 4001 598 4064 monet
615 3992 890 4064 misericordiam
907 3990 1004 4072 fieri;
1030 3999 1068 4060 et
1084 3990 1167 4082 quia
1187 4011 1324 4060 servare
1341 3993 1472 4082 quaerit
1481 4029 1527 4088 30

422 4133 510 4202 quos
537 4133 666 4203 magno
691 4109 806 4202 pretio
830 4107 991 4188 redemit,
1017 4114 1098 4198 post
1124 4105 1290 4198 baptismi
1319 4107 1472 4199 gratiam

422 4225 618 4297 sordidatos
636 4227 740 4296 docet
757 4226 874 4296 denuo
897 4246 998 4316 posse
1021 4224 1172 4317 purgari.
1224 4221 1474 4317 Agnoscamus

423 4341 552 4432 itaque,
577 4342 702 4412 fratres
725 4341 905 4421 carissimi,
928 4340 1058 4410 divinae
1085 4338 1320 4432 indulgentiae
1342 4361 1474 4408 munus
1635 4307 1636 4388 l
