3316 5198
408 487 472 551 DE
496 484 897 552 PRAEscalr'rloNE
921 486 1047 550 ΗΕΒ.
1188 485 1253 550 148

204 663 352 732 minime
368 660 644 744 intellexemnt;
662 663 691 732 si
707 683 780 730 non
796 658 1090 752 adimpleverunt,
1107 659 1254 732 abscon·

204 779 330 849 dentes
359 776 492 870 aliquid
519 775 732 859 delumine,
758 778 795 848 id
826 786 890 860 est,
915 778 961 849 de
987 777 1056 848 Dei
1081 779 1197 862 verbo,
1215 789 1253 850 et

205 893 337 964 Christi
371 901 601 964 sacramento.
670 891 875 977 Neminem,
909 895 1004 986 quod
1039 895 1121 977 scio,
1155 917 1273 966 vere-¹
1289 907 1373 957 Coti·

205 1009 344 1092 bantur,
370 1033 443 1080 non
468 1008 677 1081 Judaeorum
706 1010 788 1092 vim,
812 1032 883 1081 non
913 1012 1156 1082 ethnicorum:
1182 1034 1252 1103 quo

178 1127 317 1221 smagis
341 1127 465 1218 utique
488 1127 525 1196 in
550 1125 700 1197 ecclesia
728 1125 839 1198 libere
860 1127 1112 1220 praedicabant,
1129 1129 1189 1220 qui
1215 1129 1253 1197 in

205 1243 391 1336 synagogis
408 1252 446 1313 et
462 1245 500 1312 in
525 1241 612 1313 locis
633 1241 785 1335 publicis
810 1266 882 1314 non
905 1243 1082 1315 tacebant.
1134 1242 1252 1314 Immo

204 1381 321 1449 neque
344 1357 491 1428 Judaeos
517 1367 733 1440 convertere,
759 1381 875 1450 neque
900 1357 1060 1429 ethnicos
1085 1359 1252 1430 inducere

205 1476 412 1568 potuissent,
434 1476 500 1546 nisi
526 1476 620 1567 quod
650 1475 746 1546 credi
776 1475 822 1546 ab
850 1476 902 1546 eis
928 1475 1104 1558 volebant,
1129 1477 1252 1546 ordine

206 1600 434 1683 exponerent.
487 1590 610 1662 Multo
626 1592 739 1686 magis
753 1591 830 1684 jam
853 1592 1078 1663 credentibus
1095 1591 1252 1663 ecclesiis

161 1734 196 1774 ιο
205 1706 293 1777 nibil
309 1707 575 1790 subtraxissent,
592 1708 687 1800 quod
704 1706 781 1778 aliis
797 1708 918 1800 paucis
935 1729 1092 1778 seorsum
1109 1709 1253 1778 deman-

205 1823 350 1895 darent:
376 1847 600 1918 quamquam,
618 1826 701 1895 etsi
725 1825 889 1917 quaedam
914 1826 1008 1894 inter
1028 1823 1251 1907 domesticos,

204 1949 246 2010 ut
279 1942 331 2012 ita
359 1942 520 2024 dixerim,
550 1942 779 2024 disserebant,
809 1964 881 2012 non
913 1949 1034 2012 tamen
1069 1963 1112 2012 ea
1144 1941 1252 2014 fixisse

205 2059 419 2130 credendum
450 2069 514 2142 est,
542 2082 622 2151 quae
652 2058 758 2130 aliam
784 2057 944 2153 regulam
973 2059 1056 2130 fidei
1083 2059 1252 2152 superdu-

205 2183 336 2256 cerent,
354 2175 528 2246 diversam
558 2182 596 2244 et
621 2175 832 2245 contrariam
861 2172 924 2256 illi,
947 2197 1054 2267 quam
1077 2174 1252 2245 catholice

162 2288 242 2374 15in
258 2289 417 2360 medium
440 2289 684 2384 proferebant:
710 2299 753 2361 ut
769 2290 878 2362 alium
898 2290 1017 2362 Deum
1040 2292 1078 2361 in
1102 2289 1252 2361 ecclesia

205 2405 372 2490 dicarent,
398 2407 508 2478 adium
534 2409 572 2478 in
599 2406 773 2500 hospitio:
807 2417 845 2479 et
874 2407 980 2479 aliam
1011 2407 1142 2479 Christi
1170 2405 1252 2478 sub-

203 2525 371 2595 stantiam
388 2525 614 2620 designarent
631 2525 667 2594 in
687 2533 820 2617 aperto,
838 2523 943 2595 aliam
967 2525 1004 2594 in
1028 2532 1187 2608 secret0;
1213 2530 1252 2594 et

204 2639 310 2710 aliam
327 2662 428 2733 spem
452 2641 716 2711 resurrectionis
736 2641 831 2732 apud
848 2663 971 2711 omnes
988 2638 1249 2721 annuntiarent,

204 2755 310 2826 aliam
326 2756 420 2850 apud
437 2778 587 2850 paucos:
614 2779 696 2827 cum
714 2757 779 2850 ipsi
796 2757 1020 2828 obsecrarent
1036 2757 1075 2827 in
1092 2754 1249 2848 epistolis

158 2899 196 2940 ιο
205 2872 286 2954 suis,
303 2882 345 2943 ut
361 2870 402 2942 id
417 2873 531 2966 ipsum
548 2880 585 2942 et
602 2895 713 2942 unum
730 2872 960 2965 loquerentur
976 2895 1109 2955 omnes,
1123 2879 1161 2942 et
1177 2895 1270 2942 nour
1286 2895 1342 2946 cor.
1354 2895 1371 2944 ι.

205 2996 323 3057 essent
356 2987 545 3058 schismata
578 2996 616 3058 et
650 2989 882 3059 dissensiones
909 2987 945 3056 in
979 2986 1137 3069 eeclesia,
1168 2987 1251 3076 quia

205 3101 280 3172 sive
297 3101 438 3186 Paulus,
454 3104 528 3174 sive
545 3103 615 3186 alii,
633 3105 758 3174 eadem
782 3103 1027 3196 praedicarant.
1078 3099 1250 3193 Alioquin

205 3218 459 3289 meminerant:
483 3216 542 3291 Sit
566 3242 678 3291 sermo
702 3228 819 3301 cester,
844 3216 920 3300 Est,
946 3225 1016 3296 est;
1039 3213 1130 3298 Noa,
1156 3229 1369 3286 commem.

205 3333 298 3429 quod
312 3334 470 3431 amptius,
487 3333 551 3406 doc
567 3359 589 3406 u
606 3333 696 3408 malo
713 3344 783 3407 cst:
810 3357 856 3404 ne
874 3332 1009 3404 scilicet
1026 3330 1250 3424 evangelium

158 3484 194 3542 ²5
205 3453 242 3522 in
259 3454 463 3524 diversitate
480 3461 684 3524 treatment.

256 3568 294 3639 Si
322 3593 407 3663 ergo
436 3569 644 3640 incredibile
678 3576 743 3650 est,
771 3566 828 3636 vel
861 3567 1040 3660 ignorasse
1073 3563 1250 3656 apostolos
1293 3581 1378 3630 car.

203 3683 461 3778 plenitudinem
479 3686 749 3778 praedicationis,
767 3683 824 3754 vel
841 3705 912 3753 non
930 3702 1073 3752 omnem
1090 3680 1250 3750 ordinem
1280 3646 1392 3697 ΜΠ·

205 3800 338 3894 regulae
356 3801 520 3872 omnibus
533 3801 706 3872 edidisse:
725 3800 917 3880 videamus,
927 3820 973 3867 ne
990 3797 1083 3866 forte
1100 3793 1251 3887 apostoli

205 3914 348 4008 quidem
382 3915 591 4007 simpliciter
623 3925 661 3986 et
693 3913 808 4008 plene,
839 3913 998 3986 ecclesiae
1032 3920 1154 3982 autem
1189 3933 1253 3981 suo

156 4067 195 4125 ³0
205 4032 292 4100 vitio
321 4030 425 4101 aliter
453 4033 664 4125 acceperint,
692 4052 799 4123 quam
832 4028 983 4122 apostoli
1016 4024 1252 4120 proferebant.

206 4145 337 4217 Omnia
353 4147 422 4218 ista
438 4147 718 4240 scmpulositatis
739 4146 972 4215 incitamenta
988 4141 1146 4214 invenias
1163 4164 1253 4234 prae·

204 4263 302 4332 tendi
329 4261 374 4332 ab
397 4262 585 4334 haereticis.
636 4262 775 4332 Tenent
806 4266 984 4351 correptas
1013 4257 1058 4328 ab
1084 4257 1252 4350 apostolis
1261 4273 1315 4323 su.
1326 4274 1360 4322 m

204 4376 390 4448 ecclesias:
419 4377 451 4450 0
476 4377 644 4450 insensati
672 4374 819 4457 Galatea,
847 4374 924 4468 quis
951 4397 1009 4446 cos
1025 4369 1252 4470 fascinavit?
