3326 5200
385 453 450 516 180
743 445 1123 512 ANNOTATIONES

389 619 553 694 Latinius3
570 618 664 683 aliter
674 625 782 682 tamen
790 617 914 702 judicat
926 616 1101 692 Schutzius,
1111 614 1238 679 adedit.
1250 612 1432 690 Halensem,

388 706 421 770 in
446 727 510 790 qua
535 705 617 769 sicut
640 704 673 768 in
702 703 826 768 caeteris
854 703 1054 780 editionibus,
1081 701 1108 766 si
1137 700 1223 764 illam
1249 699 1434 764 Delacerdae

389 790 517 876 excipis,
532 791 675 855 membra
689 789 843 855 orationis
857 788 985 855 omnino
999 794 1149 874 separata
1163 794 1248 851 sunt.

433 877 472 940 P.
488 896 558 962 109.
580 876 602 940 l.
621 897 671 940 11.
688 877 740 942 via
754 876 996 962 cognominatur
1011 873 1176 959 disciplina
1198 875 1327 954 nostra]
1344 869 1436 955 Saepe

389 963 506 1026 dicitur
520 963 539 1043 ἡ
553 963 620 1030 ὁδὸς
633 963 743 1048 religio
766 962 957 1039 Christiana,
973 982 1044 1025 cum
1067 960 1100 1024 in
1114 959 1203 1022 Actis
1215 957 1435 1043 Apostolorum,

390 1057 460 1114 turn
475 1049 509 1111 in
522 1055 664 1112 veterum
680 1048 932 1114 Christianorum
951 1045 1087 1132 scriptis,
1102 1046 1150 1109 uti
1165 1044 1288 1110 monuit
1304 1043 1437 1108 Pearso-

390 1135 461 1198 nius
475 1133 508 1199 in
522 1135 718 1220 depositione
733 1133 875 1218 Syene.
920 1134 1024 1198 Artie.
1040 1133 1085 1196 Et
1098 1135 1133 1196 in
1146 1132 1223 1196 Jesa
1239 1130 1369 1194 Cbru'ste.

437 1219 519 1284 Ibid.
549 1220 569 1284 l.
604 1240 652 1297 14.
682 1219 763 1285 iram
792 1220 825 1283 in
861 1221 994 1284 fratrem
1029 1217 1198 1282 homicidio
1235 1212 1436 1301 superponit]

393 1305 509 1370 Melius
537 1307 723 1392 procederet
751 1306 864 1382 oratio,
895 1304 921 1370 si
950 1305 1062 1370 vocula
1089 1326 1181 1390 quam
1210 1310 1283 1388 post
1300 1304 1438 1388 fratrem

390 1392 572 1456 adderetur.
617 1392 832 1457 conferendus
846 1391 897 1454 hic
913 1390 946 1455 S.
963 1393 1047 1456 Mat.
1064 1413 1094 1454 v.
1111 1409 1160 1468 21,
1179 1408 1229 1452 22.

435 1477 517 1542 Ibid.
533 1477 552 1540 l.
573 1495 621 1560 17.
637 1467 708 1542 celeb
721 1476 885 1564 receptam]
902 1480 957 1541 An
970 1477 1140 1542 recessum?
1164 1475 1228 1540 Sed
1242 1474 1286 1538 nil
1297 1473 1406 1558 jubeo.

436 1563 474 1627 P.
490 1583 560 1628 110.
576 1563 596 1628 l.
616 1583 664 1648 17.
687 1586 728 1628 ne
749 1563 907 1628 exclamet
937 1563 1050 1648 aliquis
1076 1561 1203 1646 Esaias]
1234 1559 1371 1625 Reverte
1396 1559 1439 1623 ad

393 1671 431 1713 ca
455 1669 508 1712 .2.

431 1672 518 1799 ibid.
543 1735 564 1798 l.
586 1755 637 1819 19.
662 1757 681 1799 e
707 1735 876 1800 Dominica
904 1733 1050 1820 passione
1078 1732 1292 1818 modulantes]
1326 1731 1440 1796 Posuit

392 1842 433 1885 ex
468 1820 549 1885 libro
578 1820 746 1907 Agobardi
774 1821 961 1887 meamea
989 1818 1156 1904 Rigaltius,
1180 1825 1339 1904 'sequente
1368 1837 1441 1880 eum

394 1905 584 1984 Muratori0‚
601 1907 654 1992 qui
676 1914 786 1972 tamen
807 1913 912 1993 putat,
936 1905 1108 1970 desiderari
1130 1927 1248 1980 vocem,
1265 1903 1441 1989 cujusmodi

392 2001 486 2074 esset,
503 1994 661 2079 apertas,
676 1991 821 2072 babentes,
838 2001 896 2058 aut
910 1991 987 2077 quid
1001 1991 1111 2056 simile.
1156 1991 1309 2056 Veterem
1330 1988 1439 2054 lectio-

392 2100 466 2144 nem
502 2077 688 2144 menaeus
722 2079 875 2144 revocavi.
934 2077 1071 2156 Mcdulc,
1108 2079 1243 2160 ῥυθμίζοι,
1284 2075 1442 2140 Glaesaria

393 2164 523 2230 habent.
568 2164 755 2230 Divinarum
776 2172 885 2229 autem
904 2185 1055 2228 manuum
1076 2186 1170 2248 super
1184 2184 1309 2228 crucem
1324 2183 1441 2247 expan-

394 2250 523 2328 sionem,
576 2271 651 2315 uam
688 2257 817 2316 orantes
853 2250 971 2315 imitari
1004 2250 1116 2328 solent,
1147 2271 1231 2335 saepe
1262 2255 1442 2314 memorant

393 2336 527 2420 antiqui.
605 2336 700 2402 idesis
714 2345 825 2402 notam
839 2336 882 2400 ad
904 2335 937 2400 S.
954 2335 1165 2413 Victorinum,
1181 2337 1267 2421 apud
1281 2333 1443 2420 Reliquias

395 2423 484 2486 sae.
500 2421 560 2484 vol.
578 2421 644 2485 Ill.
660 2445 693 2507 p.
708 2443 779 2503 149.

438 2505 521 2570 Ibid.
537 2506 559 2570 l.
575 2507 626 2572 28.
674 2509 737 2572 uod
761 2507 940 2574 Gentilibus
963 2507 1149 2594 adaequent]
1175 2507 1300 2572 Forsan
1325 2505 1444 2571 excidit

395 2614 447 2657 nos
460 2599 534 2678 post
551 2530 730 2658 Gentilibus.

441 2678 522 2742 Ibid.
548 2677 598 2743 Ut
627 2687 677 2744 est
703 2680 909 2764 quorundam,
934 2679 1086 2764 expositis
1114 2678 1237 2764 penulis
1266 2675 1444 2742 orationem

396 2763 514 2850 faeere]
532 2764 656 2831 Penula
669 2765 805 2830 vestium
817 2786 918 2851 genus
932 2764 1002 2841 suit,
1018 2786 1097 2849 quas
1111 2763 1253 2850 pluvioso
1267 2763 1445 2850 frigideque

397 2850 477 2914 ooelo
492 2858 616 2915 veteres
630 2852 814 2916 induebant.
860 2849 931 2914 Has
952 2857 1126 2936 antequam
1147 2851 1293 2937 precibus
1315 2869 1444 2933 operam

398 2937 521 3016 darent,
546 2935 718 3021 quideme
743 2935 932 3002 Christianis
961 2937 1165 3022 deponendas
1193 2935 1444 3002 arbitrabantur.

399 3021 493 3104 Quod
501 3044 575 3086 vero
585 3023 798 3088 Tertullianus
808 3022 865 3088 ait
877 3022 909 3086 id
921 3022 1119 3088 consuevisse
1133 3021 1202 3087 lieri
1217 3045 1238 3088 a
1251 3020 1443 3097 nationibus,

397 3107 458 3172 hoc
487 3115 537 3173 est
563 3109 605 3173 ab
634 3109 767 3174 ethnicis
797 3109 882 3174 idola
910 3108 1110 3186 adeuntibus,
1137 3107 1284 3193 AEschyli
1314 3107 1446 3171 Graecus

400 3194 467 3259 inte
506 3217 557 3259 res
571 3195 757 3260 confi1mare
771 3195 906 3260 videtur.
951 3194 1065 3259 Nescio
1085 3194 1160 3279 quid
1176 3195 1273 3260 ctiam
1288 3194 1328 3257 de
1343 3199 1446 3256 muta-

400 3279 479 3345 tioni
502 3304 540 3345 us
569 3281 703 3346 vestium
731 3281 764 3344 in
797 3280 972 3346 Gentilium
1008 3280 1107 3345 sacris
1136 3281 1203 3366 ipse
1232 3278 1447 3345 Tertullianus

399 3365 497 3430 babet
512 3365 545 3430 in
560 3366 613 3431 lib.
628 3367 665 3432 de
680 3366 786 3430 Pallio
800 3388 870 3452 cap.
886 3387 916 3446 4.
941 3366 1122 3430 Musarum.

444 3451 484 3514 Ρ.
497 3470 507 3512 ι
521 3472 527 3514 ι
539 3470 567 3513 1.
579 3451 600 3516 l.
612 3473 645 3529 4.
660 3451 830 3536 adsignata
844 3452 1002 3538 oratione]
1017 3452 1219 3529 Absolutum,
1236 3458 1269 3516 et
1283 3457 1447 3536 peractam

401 3537 578 3601 orationem
593 3536 760 3636 significat,
775 3538 963 3623 metaphora
975 3539 1113 3603 deducta
1127 3561 1145 3603 e
1159 3537 1266 3622 signis,
1282 3544 1316 3601 et
1327 3534 1445 3621 sigillis,

401 3643 471 3707 quae
495 3629 565 3687 turn
590 3622 741 3708 epistolis,
763 3631 833 3687 tum
856 3625 1057 3690 testamentis
1082 3623 1214 3708 aliisque
1239 3622 1358 3688 tabulis
1379 3621 1447 3705 jam

401 3707 552 3772 conlectis
565 3708 682 3795 apponi
698 3707 853 3773 solebant.
877 3709 970 3773 Innu.

447 3792 528 3857 Ibid.
544 3795 565 3859 l.
580 3813 613 3880 5.
628 3793 729 3858 nisisi
746 3793 885 3858 Hermas
899 3795 959 3872 illc,
976 3796 1065 3880 cujus
1080 3794 1237 3880 scriptura
1252 3795 1319 3858 fere
1330 3792 1449 3857 Pastor

402 3878 584 3944 inscribitur
600 3879 674 3982 tte]
690 3879 820 3944 Hermae
835 3881 932 3944 verba
946 3887 1059 3946 extant
1074 3881 1106 3945 in
1122 3881 1191 3966 ipso
1208 3879 1362 3966 principio
1377 3877 1448 3942 libri

402 3965 531 4030 secundi
546 3967 696 4043 Postera,
712 3966 766 4029 ubi
781 3965 981 4031 doctissimus
996 3965 1171 4032 Ootelerius
1188 3967 1257 4031 haec
1272 3964 1448 4040 annotavit,

404 4059 425 4090 “
442 4051 517 4116 Mos
550 4051 803 4118 Christianorum
832 4053 1040 4138 quorumdam
1070 4052 1199 4118 sedendi
1228 4051 1339 4116 statim
1375 4057 1450 4136 post

406 4145 425 4174 “
440 4137 627 4212 orationem,
644 4137 877 4225 superstitionis
898 4160 936 4204 ar
958 4139 1044 4204 uitur
1065 4162 1086 4204 a
1108 4137 1313 4215 Tertulliano,
1336 4136 1389 4200 lib.
1412 4135 1450 4200 de

406 4230 425 4259 “
443 4223 586 4288 &aaa
615 4247 641 4288 c.
667 4244 716 4289 12.
743 4225 797 4290 ubi
826 4225 909 4290 hunc
935 4161 1041 4290 locum
1070 4226 1189 4292 laudat.
1246 4221 1450 4289 Consuetudo

406 4316 425 4345 ‘⁴
440 4315 549 4374 autem
574 4309 683 4374 similis
707 4311 793 4397 apud
819 4311 962 4377 Gentiles
987 4311 1163 4378 invaluerat
1186 4318 1271 4376 teste
1295 4309 1448 4373 Pindaro.

407 4399 427 4432 ‘¹
443 4393 489 4459 Et
504 4393 697 4460 Plutarchus
711 4397 744 4460 in
759 4396 873 4474 Numa,
890 4397 974 4462 inter
995 4398 1212 4484 anigmaticas
1226 4418 1313 4461 more
1330 4394 1449 4480 Pytha-
