3314 5190
301 456 352 520 IN
378 455 411 518 S.
435 455 577 520 CYPR.
600 457 664 520 DE
686 457 880 522 IDOLOR.
905 459 1170 524 VANITATE.
1204 461 1270 529 389

223 627 303 776 illie
316 625 501 796 tltttt
502 628 641 777 illd
641 628 670 778 {l
670 629 937 779 {timet
946 629 1041 779 11llll}
1054 629 1269 782 ltlttli

222 799 286 862 Sed
300 800 333 862 in
349 798 487 862 editione
505 800 635 877 Veneta,
651 823 722 886 quae
737 801 856 886 prodiit
870 823 963 877 anno,
981 822 1045 886 quo
1059 802 1204 887 princeps
1215 803 1269 868 illa

221 886 370 970 Cypriani
386 883 484 948 editio
500 885 654 962 Romarm
676 908 809 971 quaeque
829 887 881 950 vix
901 887 986 964 alibi,
1003 888 1086 970 quod
1103 888 1210 965 seiam,
1226 890 1268 952 ab

220 993 259 1034 ea
282 971 425 1046 discedit,
442 971 580 1055 positum
603 979 652 1036 est
674 972 779 1035 ciero.
824 972 905 1036 Haec
927 996 988 1037 vox
1012 973 1122 1036 itidem
1145 974 1178 1036 in
1203 975 1264 1038 edi·

219 1056 307 1121 tione
318 1057 455 1141 quadam
464 1063 591 1122 vetusta
602 1058 668 1121 sine
680 1057 749 1122 loco
758 1065 791 1122 et
806 1080 890 1122 anno
901 1067 1072 1143 comparet,
1085 1060 1118 1122 in
1130 1060 1268 1124 editione

220 1164 344 1227 quoque
356 1142 545 1206 Erasmiana
556 1151 589 1206 et
601 1143 633 1205 in
648 1144 718 1208 cod.
732 1145 811 1208 Nov.
829 1145 905 1208 Coll.
919 1164 949 1228 3.
966 1145 1033 1208 sine
1042 1167 1135 1208 sensu
1147 1152 1266 1209 tamen.

220 1229 322 1309 Quam
336 1228 437 1292 facilis
452 1227 573 1293 interea
587 1230 744 1294 transitus
754 1238 839 1294 esset
850 1230 934 1294 vocis
941 1231 1075 1313 junctas,
1086 1231 1265 1312 veljarrctia

218 1313 251 1377 in
266 1314 400 1378 alteram
416 1313 531 1382 enom
551 1315 623 1378 inde
642 1323 743 1400 patet,
764 1317 850 1400 quod
868 1316 901 1378 in
921 1317 1027 1379 codice
1043 1315 1124 1380 Novi
1140 1317 1218 1381 Coll.
1239 1338 1265 1381 1.

217 1400 303 1547 pppd
319 1399 494 1464 Firmiliani
510 1400 677 1485 epistolam
695 1401 745 1465 bae
761 1424 852 1466 voces
866 1402 950 1466 inter
968 1425 1002 1466 se
1021 1402 1266 1468 confunduntur.

248 1509 289 1548 ι.
330 1535 336 1548 .
374 1504 401 1548 a.

262 1487 388 1652 P.§2736.
404 1571 425 1634 l.
439 1593 488 1656 19.
504 1572 616 1636 ultoris
627 1572 734 1657 vigore
745 1581 778 1636 et
790 1573 906 1656 judicis
918 1571 1095 1658 potestate]
1114 1573 1267 1638 Fortasse

217 1655 384 1742 legendum
406 1664 464 1734 est,
488 1658 523 1720 irs
544 1659 660 1722 ultoris.
707 1658 809 1722 Paulo
831 1681 928 1744 supra
950 1659 1060 1722 scribit
1078 1659 1263 1743 Cyprianus,

216 1743 291 1805 Noa
314 1742 504 1826 intelligrcado
523 1745 663 1828 primum
691 1744 852 1807 edvardum
877 1745 931 1829 qui
960 1746 994 1808 ia
1016 1746 1158 1828 passione
1180 1767 1266 1829 prce-

216 1829 333 1891 ccsaerit
345 1829 484 1904 occultus,
504 1851 598 1892 unam
619 1839 736 1893 tantam
755 1829 889 1907 metant,
905 1831 1032 1914 quierit
1051 1829 1083 1892 in
1104 1837 1266 1914 potestate

216 1915 401 1997 manifestus.
454 1916 569 1980 Confer
601 1914 786 1979 Tertullian.
817 1936 885 2000 cap.
915 1915 973 1978 ult.
1006 1915 1078 1979 libri
1109 1916 1266 1980 Aduersus

215 2000 351 2065 choeos.
382 2001 485 2064 Extat
499 2012 533 2064 ct
548 2000 655 2064 altoris
668 2000 701 2062 in
716 2001 786 2063 cod.
803 2000 882 2063 Nov.
900 2001 976 2064 Coll.
997 2020 1023 2062 1.

260 2085 341 2150 Ibid.
358 2086 378 2148 l.
391 2104 441 2150 21.
459 2086 612 2172 magistro
627 2102 660 2151 et
676 2085 761 2170 Deo]
780 2085 932 2150 Fortasse
948 2086 1114 2150 delendum
1127 2095 1163 2149 et.
1195 2086 1264 2150 Ha·

214 2170 270 2236 bet
290 2173 389 2236 codex
405 2172 608 2249 Veronensis,
624 2171 780 2257 probante
800 2171 951 2257 Rigaltio,
973 2193 1032 2235 aon
1051 2172 1194 2253 mopbtro
1211 2172 1266 2236 sed

214 2258 289 2334 Deo,
302 2259 463 2341 codexque
479 2257 559 2321 Novi
575 2258 651 2322 Coll.
668 2277 693 2321 1.
710 2258 840 2321 Dorrsirso
853 2258 929 2322 Deo.
960 2257 1023 2321 Sed
1038 2256 1146 2320 malim
1159 2257 1263 2342 legere

213 2345 356 2428 moysetis
381 2345 456 2416 Deo,
482 2350 614 2408 auctore
644 2343 852 2420 Tertulliano,
882 2365 977 2428 quem
1006 2343 1040 2428 0,
1075 2341 1182 2406 rianus
1211 2342 1263 2408 bic

214 2429 375 2513 produxit,
391 2429 556 2514 Discipuli,
572 2429 684 2514 inquit,
700 2451 811 2514 qaoque
825 2429 933 2511 difflui
944 2451 1004 2514 per
1017 2451 1052 2492 or
1086 2449 1115 2490 m
1129 2450 1165 2492 cc
1178 2449 1263 2513 pra·

213 2525 295 2599 cepto
308 2537 362 2579 rna
385 2515 453 2580 'stri
469 2515 529 2578 Dei
538 2525 720 2600 parcerem.

258 2601 341 2666 lbid.
361 2537 451 2680 ldae
474 2602 649 2687 ocularent]
677 2600 791 2664 Visum
817 2599 941 2665 darent.
985 2598 1172 2664 Tertulliani
1194 2621 1263 2664 ver-

213 2685 297 2764 bum,
322 2708 386 2771 quo
410 2687 564 2773 magistro
586 2709 670 2772 saepe
695 2686 872 2770 Cyprianus
893 2709 969 2750 usus
993 2693 1052 2750 est.
1099 2685 1197 2750 Libro
1223 2685 1263 2750 de

214 2770 410 2836 Poenitentia
441 2795 512 2857 cap.
533 2791 583 2836 12.
616 2773 762 2835 Hiraado
786 2772 816 2835 si
837 2773 1030 2835 excecaverit
1046 2771 1158 2855 pullos,
1181 2771 1264 2835 accit

212 2855 280 2919 illos
293 2857 413 2920 oratore
427 2879 534 2920 rorasse
547 2858 584 2921 de
598 2877 650 2920 sco
667 2857 840 2920 chelidonio.
886 2857 931 2921 Et
950 2855 1166 2940 metaphorice
1181 2856 1262 2920 libro

213 2941 253 3004 de
273 2942 433 3007 Pudicitia
451 2965 520 3027 cap.
538 2944 567 3005 8.
588 2941 620 3004 in
639 2942 779 3005 vestibus
798 2963 947 3025 purpuras
970 2941 1141 3006 oculandis.
1186 2941 1262 3004 Can-

212 3049 330 3091 numos.

257 3113 339 3176 lbid.
365 3112 386 3175 l.
401 3131 454 3196 34.
478 3112 505 3175 si
531 3112 693 3177 Christum
718 3111 870 3175 fuerimus
893 3110 1005 3194 secuti]
1031 3111 1154 3173 Imitoti
1169 3109 1260 3192 (edit.

212 3197 322 3262 Baluz.
351 3198 431 3262 Felli
453 3199 529 3261 edit.
555 3197 714 3281 aliaeque).
760 3195 894 3260 Veteres
916 3195 1073 3259 editiones
1095 3203 1129 3258 et
1149 3195 1261 3293 plures

211 3282 282 3347 libri
298 3291 420 3348 veteres
439 3284 559 3348 babent
578 3283 678 3346 mesti.
724 3281 833 3345 Aliam
848 3281 1014 3345 lectionem
1029 3279 1131 3344 inveni
1147 3301 1180 3342 1n
1195 3280 1260 3343 edi-

212 3369 298 3434 tione
313 3391 383 3454 quae
399 3369 515 3432 dicitur
526 3368 634 3432 Grovii
646 3376 679 3432 et
694 3368 726 3430 in
741 3365 782 3430 ali
806 3374 862 3430 uot
874 3366 1007 3431 vetustis
1016 3365 1258 3450 exemplaribus.

213 3454 352 3519 Libellus
372 3476 501 3539 precum
522 3452 698 3517 Marcellini
719 3460 752 3516 et
774 3390 937 3515 Constini:
962 3451 1076 3514 Perdit
1090 3451 1169 3513 esim
1183 3451 1218 3514 irs
1232 3471 1262 3513 sc

213 3541 385 3604 Christiani
415 3539 544 3602 nominis
569 3539 799 3689 oppzllctionem
821 3538 875 3622 qai
903 3537 1016 3600 Christi
1041 3536 1261 3619 consequitur

209 3625 417 3711 disciplinam.
441 3625 553 3688 Bsnus.
651 3623 825 3688 vocandam
845 3622 984 3707 judicavi
1007 3620 1175 3707 pristinam
1199 3620 1260 3684 leo-

210 3711 331 3775 tionem
345 3713 446 3788 acati,
463 3731 558 3795 quam
573 3710 770 3795 praestabant
789 3708 913 3772 codices
927 3729 983 3771 sex
1003 3706 1112 3792 seripti
1133 3705 1166 3769 in
1181 3707 1258 3770 edit.

211 3797 314 3862 Oxon.
342 3797 497 3861 nominati
526 3795 666 3880 liberque
692 3794 774 3857 Novi
800 3793 877 3858 Coll.
900 3815 924 3856 ι.
954 3794 1080 3876 duoque
1110 3813 1150 3855 ex
1180 3791 1259 3856 meis

213 3883 410 3946 Meermann.
429 3889 463 3946 et
479 3881 657 3946 Drusianus
676 3879 842 3944 vetustior.
887 3879 1001 3942 Addas
1016 3877 1156 3942 codicem
1179 3876 1257 3940 Vin-

210 3968 423 4031 dobonensem
438 3967 568 4030 sesain.
592 3975 628 4031 ut
650 3988 690 4030 ex
705 3965 860 4050 Catalogo
876 3964 985 4028 Deuis.
1001 3957 1136 4028 constit.
1153 3962 1213 4026 vol.
1230 3960 1256 4023 l.

209 4054 268 4117 ool.
288 4055 364 4136 582.
409 4053 525 4135 Quidni
553 4051 656 4117 altera
681 4051 775 4115 lectio
804 4051 919 4114 imitati
946 4049 1040 4134 hujus
1069 4048 1258 4131 interpreta-

210 4147 352 4203 mentum
367 4141 552 4202 censeatur?
