3314 5190
412 435 477 506 29⁰
797 432 828 496 S·
850 429 1090 496 CYPRIANI

415 607 591 689 simulate,
622 607 717 690 fiete,
748 607 868 678 tuente
897 607 1064 678 videntur
1096 623 1175 676 esse
1203 627 1283 697 quoe
1312 603 1472 674 dicimus.

416 723 520 795 Nihil
553 723 697 815 prodest
734 723 851 793 verbis
889 721 1057 814 praeferre
1093 721 1263 792 virtutem
1294 729 1333 790 et
1369 720 1472 792 fectis

415 843 600 912 destruere
634 840 833 910 veritatem.
886 836 1071 928 Improbat
1105 836 1258 928 denique
1292 835 1472 929 spostolus

417 955 550 1026 Paulus
573 961 611 1026 et
633 955 796 1048 objurget
813 961 852 1024 et
876 952 999 1046 oulpst
1022 953 1052 1024 si
1075 953 1135 1044 qui
1159 953 1415 1024 contristentur
1433 953 1472 1022 in

375 1084 408 1132 iv·
417 1094 566 1143 excessu
583 1093 747 1142 suorum:
773 1067 953 1153 Nolumus,
977 1070 1103 1162 iuquit,
1121 1068 1283 1166 ignorare
1303 1091 1370 1150 voe,
1387 1065 1499 1164 sno-5
1640 1104 1641 1107 ¹

417 1197 494 1271 tres,
521 1186 564 1258 de
590 1183 847 1269 dormientibus,
876 1195 915 1258 nt
943 1209 1013 1258 non
1043 1185 1294 1258 contestamini
1322 1185 1411 1256 siout
1440 1194 1472 1256 et

415 1305 531 1377 ceteri
548 1303 610 1398 qui
630 1325 723 1398 mem
744 1325 814 1373 non
834 1300 966 1374 tabent.
1016 1300 1062 1375 Si
1078 1301 1170 1372 enim
1192 1299 1364 1372 oredimus
1388 1301 1471 1396 poio

413 1419 520 1492 Jeons
546 1427 701 1492 mortuus
726 1427 775 1490 est
800 1427 832 1488 et
856 1418 1129 1501 resumentem
1154 1426 1186 1488 et
1207 1414 1306 1488 Dens
1329 1438 1385 1489 eos
1411 1417 1471 1512 qui

414 1533 632 1606 dormierunt
657 1534 696 1606 in
720 1533 809 1606 Jesu
835 1533 979 1606 adducet
1004 1558 1080 1605 oum
1105 1531 1175 1606 illo.
1227 1532 1299 1604 Eos
1321 1535 1470 1605 oontris·

414 1652 482 1722 tori
508 1653 595 1723 dicit
619 1653 658 1722 in
681 1674 830 1722 excessu
853 1674 998 1723 suorum
1024 1652 1083 1743 qui
1108 1673 1207 1743 spem
1231 1671 1303 1720 uon
1323 1649 1467 1722 hebent.
1483 1667 1517 1708 ¹0

414 1767 486 1852 Qui
514 1777 635 1838 eutem
662 1791 725 1860 spe
751 1768 912 1850 vivimus,
938 1777 977 1838 et
1004 1770 1041 1838 iu
1068 1767 1189 1838 Deum
1216 1767 1404 1850 oredimus,
1432 1777 1469 1840 et

414 1883 596 1955 Christum
613 1907 753 1976 possum
772 1905 849 1954 esse
866 1907 929 1977 pro
950 1884 1053 1955 nobis
1078 1891 1116 1954 et
1137 1884 1370 1954 resurrexisse
1387 1906 1471 1954 oon·

412 2000 564 2084 fidimus,
581 2002 619 2071 iu
641 2000 783 2071 Christo
806 2008 1002 2083 mouentes,
1020 2008 1058 2070 et
1082 2001 1285 2092 peripsum
1307 2007 1416 2091 etque
1432 2001 1471 2070 iu

412 2119 489 2210 ipso
520 2126 754 2210 resurgentes,
784 2117 870 2208 quid
899 2124 963 2186 sut
992 2115 1059 2208 ipsi
1089 2113 1255 2185 recedere
1289 2115 1394 2186 istino
1424 2115 1469 2186 de

412 2232 541 2303 soeculo
568 2231 744 2315 nolumus,
770 2241 833 2302 eut
857 2241 997 2303 nostros
1023 2231 1231 2301 resedentes
1261 2231 1360 2322 qussi
1390 2248 1515 2324 per-¹5

413 2347 505 2417 ditos
523 2347 723 2440 plangimus
740 2371 782 2419 eo
802 2346 974 2430 dolemus,
991 2348 1068 2439 ipso
1091 2344 1234 2418 Christo
1257 2345 1413 2418 Domino
1430 2355 1468 2418 et

269 2471 369 2522 oen-¹³·
416 2461 496 2533 Deo
521 2471 642 2532 nostro
672 2471 842 2533 monente
871 2486 913 2533 so
943 2463 1103 2534 dicente:
1139 2459 1218 2559 Epo
1246 2485 1322 2534 snm
1352 2484 1467 2536 rerer·

412 2577 521 2648 rectio
556 2586 588 2647 et
622 2577 703 2648 vita.
761 2577 832 2667 Qui
867 2576 977 2649 eredit
1011 2577 1050 2648 in
1083 2601 1145 2661 me,
1175 2574 1254 2650 lieet
1287 2578 1468 2668 moriatur,

413 2692 524 2773 nivet,·
557 2701 589 2764 et
614 2692 727 2764 omnes
752 2693 814 2788 qui
842 2694 983 2766 visitet
1012 2694 1122 2766 eredit
1152 2693 1191 2768 in
1220 2717 1274 2766 me
1298 2717 1368 2766 non
1398 2717 1469 2766 mo-

414 2809 528 2882 rietur
554 2810 593 2879 in
624 2810 826 2880 mum?
861 2810 900 2882 Si
935 2811 972 2880 in
1006 2811 1188 2884 Christum
1221 2813 1408 2896 oredimus,
1437 2813 1517 2884 sino
1641 2831 1642 2842 ¹

416 2927 525 2997 fidem
543 2926 659 2997 verbis
681 2935 720 2997 et
745 2927 924 3020 promissis
941 2929 1017 3020 ejus
1039 2927 1222 3011 hebemus,
1239 2935 1278 2998 et
1303 2949 1376 2998 nou
1393 2951 1469 2998 mo-
1641 2919 1642 2976 ³

414 3043 525 3112 rimur
540 3043 579 3112 iu
600 3049 787 3125 aetemum,
805 3042 850 3113 sd
872 3041 1064 3126 Christum,
1086 3065 1167 3113 oum
1192 3064 1263 3136 quo
1280 3049 1318 3112 et
1341 3043 1467 3114 victuri

415 3166 454 3229 et
484 3159 665 3252 regnaturi
694 3181 835 3251 semper
863 3179 994 3240 sumus,
1024 3157 1107 3230 laete
1134 3159 1325 3230 securitate
1351 3159 1469 3230 venis·

415 3296 506 3343 mus.
559 3272 666 3357 Quod
698 3274 841 3344 iuterim
870 3275 1051 3357 morimur,
1079 3275 1126 3350 nd
1160 3273 1468 3345 immortalitatem

415 3397 531 3460 morte
548 3390 846 3483 tmnsgredimur3
871 3412 938 3459 neo
960 3398 1079 3482 potest
1096 3391 1170 3461 vito
1191 3399 1327 3462 aeterua
1348 3413 1516 3478 succe-25

417 3505 511 3588 dere,
528 3507 595 3576 nisi
613 3505 696 3576 hino
713 3508 902 3600 eontigerit
919 3508 1027 3577 exire.
1081 3505 1167 3576 Nou
1183 3514 1239 3577 est
1253 3507 1372 3578 exitus
1388 3507 1467 3590 iste,

416 3621 478 3691 sed
497 3624 676 3705 transitus,
694 3630 732 3692 et
753 3621 939 3715 temporali
962 3623 1089 3694 itinere
1107 3624 1254 3694 decurso
1270 3623 1316 3693 ad
1333 3633 1469 3694 aetemo
1636 3507 1642 3786 ἐ

417 3744 662 3830 transgressus.
711 3737 801 3820 Quis
830 3761 901 3810 uon
931 3739 976 3809 ed
1005 3738 1153 3810 meliora
1181 3739 1349 3810 festineti
1378 3739 1468 3824 Quis

416 3875 488 3922 non
510 3855 641 3924 mutari
668 3862 706 3923 et
731 3854 913 3925 reformari
938 3854 983 3925 ad
1009 3854 1141 3926 Christi
1169 3855 1333 3948 speeiem,
1360 3865 1398 3928 et
1422 3857 1469 3928 ed

416 3967 569 4040 ooelestis
602 3968 726 4064 gloriae
760 3970 970 4064 dignitatem
1006 3971 1126 4041 venire
1166 3972 1271 4042 eitius
1309 3979 1468 4064 exoptet,
1478 4001 1522 4058 30

253 4095 400 4160 Philippen-
417 4082 529 4155 Paulo
546 4085 707 4179 apostolo
724 4087 941 4180 praediosnte
965 4096 1003 4157 et
1020 4086 1182 4158 dicente:
1208 4084 1339 4158 Nostro
1355 4097 1469 4160 umere

415 4201 635 4285 reversatio,
653 4201 781 4294 inquit,
799 4201 838 4271 in
855 4198 947 4272 eoelis
964 4210 1022 4284 est,
1041 4199 1180 4274 undeet
1199 4199 1393 4274 Dominum
1408 4228 1471 4278 er-

411 4319 586 4404 peotomrn
607 4314 731 4387 ,lerum
757 4314 946 4398 Christum,
973 4317 1034 4410 qni
1059 4315 1320 4413 transformabit
1345 4341 1471 4414 empus
