3326 5200
424 435 489 496 248
803 433 1089 496 FIRMILIANI

263 617 337 696 Quod
349 633 387 666 m·
477 605 608 679 XVII.
627 607 723 678 Vide
753 631 823 700 qua
852 608 1028 701 imperitia
1058 607 1314 700 reprehendere
1342 609 1472 680 audeas

261 695 417 830 hssiffd'isp
426 745 496 806 eos,
522 725 583 815 qui
610 732 735 794 contra
767 725 991 794 mendacium
1024 747 1089 816 pro
1119 723 1269 793 veritate
1299 725 1472 794 nituntur.

261 823 390 932 mg
427 840 516 925 Quis
542 842 637 910 enim
657 843 790 934 justins
816 840 989 935 indignari
1012 849 1137 910 contra
1152 839 1305 910 altemm
1324 840 1472 910 debuit?

262 944 417 1011 ΜΨ
427 955 608 1028 Utmmne
626 959 695 1050 ¹qui
724 957 844 1028 hostes
873 956 943 1027 Dei
973 958 1107 1040 asserit,
1135 979 1181 1028 nn
1208 981 1291 1030 vero
1321 958 1382 1050 qui
1411 959 1474 1028 ad-

427 1059 547 1144 ¹versus
581 1097 664 1143 eum
698 1075 757 1165 qui
792 1073 912 1143 hoster
947 1073 1016 1144 Dei
1046 1075 1180 1157 asserit,
1213 1097 1277 1167 pro
1311 1074 1498 1158 ecclesiaes

427 1193 577 1264 veritate
604 1193 782 1262 consentit
808 1187 900 1285 (fon.
925 1190 1151 1282 contendit)t
1179 1191 1259 1261 Nisi
1285 1194 1380 1284 quod
1407 1194 1473 1262 im-

425 1309 568 1401 peritos,
585 1308 695 1377 etiam
720 1308 896 1378 animosos
918 1315 1026 1398 atque
1052 1308 1237 1378 iracundos
1263 1331 1340 1378 esse
1360 1311 1473 1380 mani-

426 1426 555 1495 festum
575 1432 640 1506 est,
658 1423 743 1494 dum
769 1447 832 1516 per
854 1424 1009 1516 inopiam
1032 1423 1168 1494 consilii
1186 1433 1223 1493 et
1241 1426 1411 1496 sermonis
1427 1425 1471 1496 ad

426 1541 643 1614 iracundiam
668 1539 772 1610 facile
790 1548 985 1622 vertuntur,
1011 1549 1052 1609 ut
1075 1541 1120 1610 de
1146 1538 1244 1609 nullo
1267 1541 1337 1611 alio
1359 1544 1473 1636 magis

287 1689 314 1722 ru
385 1673 391 1685 '
426 1681 532 1751 quam
550 1657 595 1728 de
612 1666 650 1726 te
676 1656 771 1727 dicat
788 1658 960 1749 scriptura
983 1657 1120 1727 divina:
1148 1655 1269 1727 Homo
1294 1658 1473 1730 animosus
1488 1682 1523 1720 ιο
1659 1671 1660 1688 ’

299 1772 306 1786 “
426 1781 527 1867 parat
544 1771 635 1855 lites,
649 1780 687 1842 et
699 1773 752 1841 vir
768 1773 956 1842 iracundus
973 1782 1166 1866 exaggerat
1183 1783 1341 1864 peecata.
1373 1773 1473 1845 Lites

427 1890 523 1960 enim
549 1897 586 1959 et
612 1888 845 1959 dissentiones
878 1897 1027 1981 quantas
1056 1889 1187 1980 parasti
1213 1911 1278 1981 per
1306 1889 1473 1961 ecclesias

428 2007 538 2076 totius
567 2004 716 2076 mundi?
744 2004 937 2074 Peccatum
962 2028 1046 2078 vero
1076 2027 1183 2096 quam
1213 2028 1382 2099 magnum
1406 2007 1472 2076 tibi

428 2123 659 2216 exaggerasti,
678 2123 818 2213 quando
835 2129 873 2191 te
896 2144 918 2191 a
934 2130 990 2191 tot
1006 2121 1172 2214 gregibus
1194 2121 1352 2194 scidisti?
1378 2124 1474 2194 exci-

428 2239 512 2308 disti
529 2239 623 2308 enim
643 2237 815 2329 teipsum:
841 2236 970 2306 nolite
995 2236 1128 2307 fallere.
1487 2261 1496 2300 r
1503 2259 1522 2319 5

264 2355 397 2476 :nflgffl
479 2352 630 2423 XVIII.
649 2352 831 2444 Siquidem
859 2351 919 2422 ille
949 2361 1004 2423 est
1027 2375 1109 2424 vere
1136 2353 1389 2438 schismaticus,
1413 2357 1474 2448 qui

265 2486 466 2572 manusquise
499 2492 522 2539 a
548 2469 797 2538 communione
831 2468 1075 2540 ecclesiastieae
1103 2471 1249 2540 unitatis
1275 2480 1475 2563 apostatam

265 2559 418 2674 ffiffffl'
430 2587 563 2656 fecerit.
594 2583 690 2653 Dum
709 2585 805 2654 enim
822 2596 926 2677 putas
943 2609 1066 2656 omues
1083 2610 1104 2656 a
1122 2595 1159 2656 te
1176 2587 1343 2658 abstineri
1361 2611 1474 2681 posse,

264 2684 543 2803 ffioewhaffsolum
561 2711 598 2772 te
615 2701 661 2772 ab
678 2702 841 2773 omnibus
858 2702 1069 2773 abstinuisti.
1122 2703 1202 2773 Nec
1223 2711 1261 2775 te
1285 2705 1475 2776 informare

265 2821 346 2870 “ime
428 2819 472 2888 ad
499 2818 658 2914 regulam
680 2819 839 2888 veritatis
862 2827 900 2888 et
926 2821 1022 2911 pacis
1045 2820 1101 2889 vel
1124 2818 1274 2911 apostoli
1299 2827 1525 2913 praeceptam

267 2959 376 3024 span.
391 2973 411 3007 1.
428 2943 631 3028 potuerunt,
662 2936 839 3004 monentis
869 2945 906 3004 et
934 2936 1103 3004 dicentis:
1134 2933 1278 3006 Obsecro
1308 2959 1387 3032 erpo
1417 2961 1475 3008 eos

429 3075 488 3149 epo
505 3052 637 3123 uinctus
663 3051 702 3121 in
718 3049 882 3133 Domino,
901 3049 1004 3148 digne
1026 3048 1200 3122 ambulare
1216 3052 1391 3122 vocatione
1406 3076 1476 3146 quo

428 3168 539 3240 vocati
563 3168 653 3250 estis,
680 3191 756 3238 cum
784 3167 879 3238 omni
905 3165 1098 3238 kuinilitote
1126 3191 1244 3238 sensus
1270 3177 1302 3238 et
1327 3166 1474 3252 lenitate,
1659 3189 1660 3236 I

429 3307 505 3356 cum
529 3283 703 3378 patientia
726 3284 929 3354 sustinentes
956 3283 1099 3353 inuicem
1125 3284 1163 3353 in
1184 3281 1372 3366 dilectione,
1389 3285 1475 3356 sutis
1659 3265 1660 3334 i

429 3409 563 3498 ugentes
595 3423 731 3470 seruere
765 3400 929 3470 unnotem
966 3398 1125 3494 Spiritus
1163 3400 1200 3470 in
1241 3399 1524 3494 conpunctionem

425 3519 533 3614 pacis.
591 3515 706 3589 Unum
732 3539 865 3611 empus,
886 3524 918 3586 et
943 3539 1033 3586 unus
1057 3513 1224 3610 Spiritus,
1252 3517 1341 3588 sicut
1366 3519 1477 3588 vocati

428 3636 509 3706 estis
534 3635 572 3704 in
597 3657 668 3704 ursa
695 3656 755 3727 spe
776 3632 963 3704 vocationis
988 3641 1117 3703 uestroe.
1175 3631 1273 3703 Unus
1289 3631 1475 3716 Dominus,

429 3773 499 3820 reno
530 3748 632 3843 fides,
676 3773 782 3818 unum
824 3747 1001 3842 baptismo,
1037 3771 1125 3818 tinus
1159 3746 1257 3818 Deus
1299 3757 1331 3819 et
1366 3748 1476 3820 Pater

429 3847 592 3950 omnium,
604 3866 665 3960 qui
681 3889 784 3959 super
801 3888 925 3948 omnes,
943 3873 975 3936 et
986 3888 1053 3959 per
1070 3865 1196 3948 omniu,
1214 3873 1246 3935 et
1263 3865 1302 3934 in
1319 3863 1475 3936 omnibus

429 3983 535 4056 nobis.
589 3983 681 4056 Haeo
706 3982 855 4077 apostoli
885 3984 1053 4053 mandata
1077 3991 1115 4052 et
1137 3983 1274 4051 monita
1298 3981 1475 4066 salutaria,
1485 4007 1529 4065 30

429 4123 536 4192 quam
570 4099 759 4192 diligenter
793 4097 995 4191 Stephanus
1028 4097 1199 4190 implevit,
1234 4097 1474 4169 humilitatem

429 4237 551 4285 sensus
580 4224 618 4286 et
646 4214 829 4285 lenitatem
858 4217 971 4307 primo
1006 4215 1042 4283 in
1076 4213 1155 4284 Ioco
1185 4213 1352 4285 servans?
1379 4214 1477 4298 Quid

429 4331 524 4399 enim
554 4329 722 4400 humilius
750 4339 812 4400 aut
839 4329 952 4402 lenius
982 4352 1087 4421 quam
1119 4352 1200 4400 cum
1226 4339 1280 4398 tot
1304 4329 1478 4422 episcopis
