3316 5198
399 484 462 548 134
750 481 1092 548 TERTULLIANI

397 665 500 728 runt:
526 665 564 727 et
586 657 667 727 ideo
688 658 937 748 quodcumque
955 656 1119 726 ridentur
1143 654 1286 723 interim
1312 659 1444 733 tenere,

397 772 657 844 dubitationem
699 795 798 843 suam
834 772 1026 842 ostendunt
1061 769 1231 862 quamdiu
1272 779 1444 859 quaerunt.

400 888 527 980 Itaque
543 896 594 972 tu,
612 889 672 980 qui
689 887 835 980 perinde
851 887 987 978 quaeris,
1005 894 1167 979 spectans
1190 884 1235 954 ad
1252 907 1312 954 eos
1329 884 1389 974 qui
1408 890 1445 952 et

323 1025 364 1058 xv.
399 1005 466 1097 ipsi
491 1013 664 1095 quaerum,
686 1004 814 1074 dubius
838 1027 860 1073 a
889 1002 1014 1084 dubiis,
1041 1005 1196 1073 incertus
1221 1001 1266 1071 ab
1291 1001 1443 1083 incertis,

399 1143 511 1191 caccus
527 1143 550 1190 a
565 1122 674 1204 caecis,
692 1122 730 1190 in
746 1120 885 1190 foveam
903 1118 1086 1189 deducaris
1103 1139 1247 1188 necesse
1264 1125 1329 1188 est.
1372 1115 1471 1187 Seds

399 1258 509 1328 quum
532 1236 729 1330 decipiendi
757 1237 872 1329 gretia
897 1235 1125 1327 praetendunt
1149 1257 1186 1304 se
1209 1232 1325 1304 adhuc
1349 1256 1446 1325 quae-

399 1374 485 1435 rere,
503 1359 545 1421 ut
561 1352 662 1422 nobis
679 1375 742 1446 per
759 1350 1005 1422 sollicitudinis
1028 1351 1256 1443 injectionem
1273 1358 1445 1420 tractatus

399 1489 480 1538 suos
504 1468 703 1538 insinuent:
730 1467 881 1558 denique
907 1466 968 1536 ubi
991 1465 1143 1536 adierint
1159 1466 1203 1535 ad
1221 1487 1295 1546 nos,
1313 1466 1444 1550 statim,

399 1607 480 1675 quae
510 1583 675 1653 dicebant
698 1583 888 1676 quaerenda
915 1605 1000 1664 esse,
1027 1581 1243 1651 defendunt:
1264 1581 1341 1673 jam
1366 1581 1445 1652 illos

399 1699 448 1769 sic
466 1699 637 1769 debemus
654 1699 817 1780 refutare,
834 1706 876 1767 ut
899 1698 1011 1766 sciant
1028 1717 1093 1765 nos
1115 1717 1187 1764 non
1213 1693 1366 1777 Christo,
1383 1696 1445 1765 sed
1458 1718 1494 1758 ιο

400 1814 466 1884 sibi
483 1822 668 1908 negatores
686 1837 772 1884 esse.
812 1813 904 1884 Cum
922 1813 1017 1883 enim
1034 1819 1199 1903 quaerunt
1216 1811 1341 1894 adhuc,
1359 1835 1446 1881 non-

401 1929 487 1999 dum
513 1937 658 2014 teuent3
684 1952 766 2000 oum
794 1938 915 2000 autem
941 1935 1169 2010 contenent,
1192 1929 1350 1997 nondum
1372 1950 1447 1998 cre-

400 2046 599 2130 diderunt;
640 2069 723 2117 cum
757 2054 878 2117 autern
913 2045 1071 2114 nondum
1105 2044 1340 2126 crediderunt,
1374 2067 1446 2114 non

399 2170 483 2232 sunt
500 2161 700 2233 Christiani.
753 2160 806 2230 At
824 2183 906 2230 cum
928 2169 1053 2230 tenent
1071 2161 1213 2251 quidem
1233 2168 1270 2228 et
1287 2159 1445 2242 credunt,

399 2279 630 2368 quaerendum
653 2286 774 2348 tamen
802 2276 925 2346 dicunt
951 2284 992 2344 ut
1016 2274 1229 2344 defendant:
1256 2283 1445 2367 antequam
1459 2297 1493 2354 15

400 2393 602 2476 defendant,
645 2402 778 2487 negant
819 2394 913 2484 quod
957 2392 1115 2473 credunt,
1159 2391 1369 2461 confitentes
1408 2414 1445 2462 se

400 2509 557 2580 nondum
586 2509 783 2591 credidisse,
813 2510 898 2578 dum
928 2515 1103 2599 quaenunt.
1155 2505 1228 2590 Qui
1262 2530 1346 2600 ergo
1380 2531 1446 2580 nec

400 2624 466 2694 sibi
509 2633 593 2694 sunt
626 2623 826 2705 Christiani,
861 2632 994 2715 quanto
1036 2623 1149 2714 magis
1191 2622 1323 2693 nobie?
1375 2622 1444 2705 Qui

399 2762 463 2832 per
499 2739 674 2810 fallaciam
709 2740 865 2820 veniunt,
900 2739 1041 2830 qualem
1083 2737 1191 2808 fidem
1234 2738 1446 2830 disputant?

400 2853 468 2924 Cui
503 2856 643 2925 veritati
685 2855 959 2947 patrocinantur,
994 2855 1054 2945 qui
1089 2876 1169 2924 eam
1209 2875 1230 2922 a
1261 2853 1445 2924 mendacio
1458 2879 1494 2916 20

398 2969 599 3040 inducunt?

238 3099 322 3150 cnr.
334 3098 391 3150 xv.
451 3083 523 3154 Sed
548 3085 614 3176 ipsi
635 3086 681 3155 de
704 3088 884 3178 scripturis
908 3095 1029 3180 agunt,
1047 3095 1084 3156 et
1101 3086 1146 3156 de
1163 3086 1343 3180 scripturis
1368 3107 1447 3156 sua-

400 3200 497 3270 dent.
548 3199 707 3271 Aliunde
724 3202 860 3272 soilicet
876 3202 972 3294 loqui
996 3209 1140 3294 possent
1157 3203 1203 3272 de
1223 3203 1328 3272 rebus
1353 3202 1445 3282 fidei,

400 3316 467 3386 nisi
502 3338 548 3385 ex
582 3315 709 3386 litteris
738 3317 847 3388 fideii
891 3316 1067 3388 Venimus
1101 3318 1210 3410 igitur
1242 3318 1286 3387 ad
1322 3339 1447 3409 propo·

400 3433 530 3501 situm:
568 3431 639 3502 huc
673 3434 768 3502 enirn
803 3434 1049 3527 dirigebamus,
1084 3442 1121 3503 et
1158 3433 1226 3503 hoc
1260 3441 1492 3525 praestrue-25

400 3545 526 3616 bamus
550 3546 783 3618 adlocutionis
813 3548 1031 3640 praefatione,
1057 3558 1099 3618 ut
1120 3549 1197 3641 jam
1224 3549 1308 3618 binc
1333 3549 1378 3618 de
1404 3571 1446 3616 eo

400 3663 677 3756 congrediemur,
688 3664 733 3733 de
747 3685 816 3755 quo
826 3664 1014 3734 adversarii
1026 3673 1229 3758 provocant.
1248 3663 1447 3756 Scripturas

400 3777 609 3861 obtendunt,
628 3786 665 3849 et
687 3778 752 3848 hac
778 3801 841 3849 sua
863 3782 1010 3850 audacia
1032 3782 1153 3852 statim
1176 3781 1346 3871 quosdam
1371 3802 1447 3848 mo·

400 3901 506 3966 vent:
543 3893 580 3963 in
610 3894 685 3986 ipso
714 3916 797 3964 vero
828 3917 1017 3988 congressu
1043 3895 1163 3967 firmos
1193 3896 1337 3988 quidem
1366 3895 1447 3964 fati-

398 4017 495 4103 gent,
516 4009 673 4079 infirmos
699 4010 852 4103 capiunt,
873 4012 1009 4081 medion
1030 4034 1112 4080 cum
1137 4011 1301 4104 scrupulo
1327 4010 1446 4080 dimit
1456 4037 1495 4093 30

399 4133 492 4195 tunt.
545 4124 654 4196 Hunc
671 4126 780 4219 igitur
800 4129 1024 4219 potissimum
1049 4129 1199 4221 gradum
1221 4127 1446 4209 obstruimus,

399 4261 470 4308 non
487 4241 727 4312 admittendos
751 4265 811 4313 eos
833 4244 879 4313 ad
904 4243 1014 4314 ullam
1033 4245 1077 4314 de
1094 4243 1275 4336 scripturis
1292 4242 1448 4333 disputa·

400 4355 544 4427 tionem.
614 4357 654 4427 Si
688 4357 742 4429 hae
784 4367 867 4430 sunt
900 4360 969 4430 illae
1003 4361 1092 4431 vires
1127 4367 1269 4441 eorum,
1293 4359 1348 4428 uti
1388 4378 1447 4428 eas
