3316 5198
306 497 357 564 IN
382 502 413 566 S.
437 499 710 568 HIPPOLVTI
734 503 933 568 CONTRA
956 503 1174 570 NOETUM.
1224 505 1264 576 91

261 671 299 734 Ρ.
316 685 368 754 72.
383 671 404 737 l.
422 691 471 738 12.
492 674 648 760 ἁμαρτίαι]
676 673 808 740 Omittit
829 674 927 740 verbe
951 677 1000 740 καὶ
1023 677 1089 758 περὶ
1112 678 1264 758 ἁμαρτίας,

218 779 288 842 quae
302 763 337 822 et
351 756 384 822 in
398 780 463 822 uno
474 759 591 824 Oovelli
605 759 713 824 oodioe
727 761 854 839 absunt,
870 761 926 826 sed
948 762 990 826 eb
1007 761 1078 827 nliis
1093 763 1263 842 oodioibus,

217 843 483 928 quemadmodum
508 851 543 910 et
565 846 760 912 versionibus
785 846 925 931 antiquis
950 847 1103 932 Epistohe
1132 849 1175 912 nd
1201 849 1264 914 Ro-

217 949 329 1076 penos
349 937 577 1082 agnosopngur.
595 930 700 1084 &pun
744 933 881 998 Addidit
903 933 1021 1000 Corelli
1042 934 1142 999 oodiei
1166 935 1265 999 ulium

252 1037 433 1080 rennensem
447 1039 485 1081 o.
532 1039 595 1082 nes
689 1040 734 1083 us

262 1101 344 1167 Ibid.
359 1102 380 1166 l.
398 1102 446 1168 18.
469 1104 518 1168 καὶ
538 1103 573 1167 τὸ
596 1104 697 1168 κοινὸν
720 1105 815 1184 ὄνομα
840 1109 892 1184 τῆς
915 1108 957 1173 εἰς
980 1106 1153 1187 ἀνθρώπους
1176 1113 1264 1188 φιλο-

218 1190 359 1270 στοργίας
381 1188 604 1274 ἀναλαμβάνει]
623 1190 727 1276 Suprn
748 1190 875 1256 dixerut
891 1191 932 1256 de
954 1191 1091 1271 Ohristo,
1107 1191 1142 1256 τὸ
1165 1191 1264 1257 κοινὸν

217 1275 313 1354 ὄνομα
335 1277 384 1339 καὶ
404 1277 485 1358 παρὰ
507 1275 673 1357 ἀνθρώποις
693 1277 829 1358 χιιρητὸν
847 1277 1061 1359 ἀνελάμβανεν
1085 1280 1128 1344 εἰς
1146 1279 1261 1344 ἑαυτόν.

217 1381 286 1444 esp.
311 1381 343 1441 4
389 1360 453 1425 Sed
477 1361 678 1426 seribendum
702 1363 762 1426 hoo
785 1362 855 1427 looo
880 1369 938 1442 est,
963 1365 999 1444 τῇ
1025 1365 1068 1431 ds
1093 1364 1265 1446 ἀνθρώπους

218 1448 417 1532 φιλοστοργίᾳ
431 1449 460 1512 ὰ.

262 1531 301 1595 Ρ.
318 1547 370 1616 73.
385 1531 406 1596 l.
428 1552 453 1596 1.
470 1531 710 1602 Οὔτε-τέλειαι
723 1533 761 1614 ἦν
775 1533 862 1620 Υἱὸς]
876 1533 962 1598 Nihil
977 1535 1089 1600 deerat
1104 1533 1187 1600 Filio
1202 1535 1263 1600 Dei

217 1618 261 1682 nd
281 1618 507 1702 perfectionem
527 1618 742 1719 generationis
762 1625 891 1686 oeternae
912 1643 953 1686 ex
968 1621 1076 1699 Putre,
1092 1629 1264 1708 antequem

218 1703 309 1768 fieret
330 1703 430 1768 Filius
454 1705 610 1770 hommis:
635 1706 692 1770 sed
714 1707 757 1771 nd
781 1706 957 1792 perfeetum
979 1707 1164 1806 mysterium
1182 1729 1265 1773 ωοο-

217 1789 332 1855 nomine
346 1791 459 1855 deernt
473 1791 605 1856 Christo
620 1791 703 1856 Filio
718 1791 789 1870 Dei,
804 1799 843 1858 ut
856 1792 948 1857 fieret
959 1791 1060 1857 Fihns
1074 1793 1218 1870 hominis,
1230 1800 1265 1858 et

218 1877 264 1940 sio
278 1883 364 1940 esset
377 1876 536 1961 perfectus
551 1877 707 1943 Christus.
752 1878 833 1944 Cum
854 1899 949 1943 onrne
968 1879 1077 1962 iteque
1097 1878 1201 1942 feotus
1215 1885 1265 1944 est

259 1963 377 2026 rieotus
392 1962 546 2043 Christus,
562 1970 595 2033 α
608 1965 768 2048 perieotus
790 1965 855 2029 sive
874 1985 943 2028 oom
966 1964 1049 2029 letus
1064 1962 1186 2038 Filius,
1212 1964 1266 2028 Fi-

232 2049 279 2113 'us
293 2048 413 2113 scilieet
427 2047 488 2113 Dei
503 2056 538 2114 et
553 2046 654 2116 Filius
668 2049 822 2114 hominis:
844 2049 921 2135 quin
940 1987 1121 2135 hypostasis
1136 2049 1264 2128 christi,

218 2141 256 2198 ut
270 2134 393 2218 antiqui
407 2135 556 2221 theologi,
572 2143 607 2201 et
620 2136 823 2200 eeclesiastioi
839 2136 954 2200 Patres
968 2137 1111 2215 trudunt,
1123 2141 1174 2200 est
1188 2136 1266 2221 quid

218 2221 410 2305 eompletum
433 2243 475 2285 ex
500 2222 624 2286 duubus
647 2221 779 2298 naturis,
804 2222 911 2286 divine
933 2221 1052 2288 soilioet
1071 2229 1105 2287 et
1126 2222 1266 2287 humens

218 2307 309 2372 unito
325 2306 443 2371 Verbo.
489 2307 534 2372 Et
556 2308 670 2372 beetus
691 2307 826 2393 Oyn'llus
848 2308 930 2373 libro
952 2308 997 2372 ΙΙ.
1018 2316 1131 2374 eontra
1152 2307 1264 2374 Nesto-

219 2393 319 2457 rium:
339 2401 358 2430 “
367 2393 517 2479 Corpus,”
531 2392 646 2478 inquit,
663 2401 732 2458 “ex
747 2393 877 2458 muliere
892 2400 1003 2459 natum
1018 2395 1141 2459 unitum
1155 2394 1265 2460 Verbo

219 2480 427 2544 “seeundum
456 2480 662 2565 hypostasim,
693 2478 856 2545 Christum
883 2501 982 2545 unum
1013 2487 1047 2546 et
1077 2479 1194 2545 Filium
1231 2488 1265 2546 et

219 2565 427 2630 “Dominum
455 2565 596 2651 perieoit,
627 2565 692 2630 sive
728 2566 897 2651 eomplevit
926 2568 1061 2632 eundem
1090 2567 1195 2632 Deum
1231 2574 1266 2631 et

221 2657 240 2687 ‘⁴
255 2651 443 2729 hominem‚”
458 2653 544 2736 quod
564 2651 696 2737 perinde
717 2659 776 2731 est,
793 2660 830 2718 ut
852 2652 991 2728 diceret,
1016 2652 1132 2718 Filium
1148 2651 1211 2716 Dei
1231 2660 1265 2717 et

219 2738 354 2802 eundem
370 2737 487 2802 Filium
508 2738 653 2803 hominis.
697 2737 897 2804 Conveniunt
910 2759 983 2804 oum
1001 2739 1060 2815 his,
1076 2761 1147 2824 quae
1164 2739 1264 2802 Leon-

220 2823 285 2888 tius
293 2823 465 2924 Byzantius
476 2824 531 2889 lib.
543 2826 646 2911 primo
661 2831 773 2890 eontrn
782 2823 990 2890 Nestorinnos
1005 2833 1038 2890 et
1048 2825 1265 2912 Eutychianos

219 2910 355 2995 seripsrt,
372 2910 528 2995 duplieem
542 2933 611 2976 esse
630 2910 855 2996 perieotionem
875 2911 907 2976 in
929 2911 1067 2987 Christo,
1082 2933 1179 2976 unum
1194 2933 1265 2996 quse

220 2995 405 3082 simpliciter
433 2997 558 3077 dieitur,
583 2997 716 3063 alterum
743 3019 814 3082 qnae
839 2997 872 3060 in
901 2997 1087 3062 hebitudine
1115 2996 1264 3074 eemitur,

220 3083 393 3148 seeundum
406 3103 556 3170 mngnum
571 3083 778 3170 Gregorium:
795 3090 815 3120 ‘⁶
827 3083 1010 3148 Perieotum
1025 3083 1138 3160 enim,”
1152 3081 1265 3165 inquit,

222 3177 242 3206 “
256 3175 307 3234 est
322 3169 475 3248 Verbum,
490 3176 525 3234 et
545 3170 681 3256 plenum,
705 3177 738 3234 et
759 3170 905 3254 prrebens
926 3167 1172 3252 perfectionem
1196 3189 1266 3266 per—

222 3263 242 3292 “
256 3255 341 3320 ieotn
354 3263 463 3322 nutem
477 3263 527 3321 est
542 3263 576 3321 et
589 3255 697 3321 enimn
718 3255 854 3320 hominis
873 3261 1027 3338 quantum
1046 3253 1086 3316 sd
1111 3252 1266 3317 definitio-

222 3349 242 3378 “
257 3362 329 3406 nem
339 3341 484 3406 essentie
495 3361 579 3407 sure:
596 3342 653 3406 sed
664 3348 773 3407 tomen
784 3361 885 3425 neque
895 3338 1039 3403 Verbum
1049 3345 1099 3403 est
1108 3338 1266 3424 perisotus

222 3435 241 3464 “
258 3427 404 3494 christus
425 3447 489 3491 non
511 3427 601 3493 unite
622 3427 832 3504 humanitate,
848 3423 990 3510 quumvis
1004 3424 1164 3510 perfectus
1178 3425 1267 3490 Deus

223 3521 244 3553 “
260 3513 312 3584 sit,
326 3513 409 3580 siout
423 3535 481 3578 neo
494 3514 602 3580 enimn
616 3515 775 3599 perieotus
789 3513 884 3576 homo
902 3519 952 3576 est
967 3510 1034 3576 sine
1048 3531 1191 3596 torpore,
1206 3510 1267 3575 etsi

222 3607 243 3636 “
257 3601 430 3684 perfeetum
440 3600 654 3666 substnntinm
668 3600 766 3665 hebet
776 3598 806 3672 ;”
827 3599 981 3664 haetenus
993 3597 1156 3661 Leontius.
1184 3594 1267 3659 Tun-

222 3708 307 3750 ιιιιιι.
352 3685 481 3753 Seilioet
508 3707 572 3752 non
601 3687 649 3752 ito
677 3683 806 3750 insaniit
835 3684 881 3749 Hi
947 3684 957 3746 l
994 3705 1040 3761 us,
1070 3689 1109 3746 ut
1136 3681 1265 3758 dieeret,

222 3772 306 3856 qnod
324 3771 442 3836 dixisse
462 3773 551 3838 ilium
572 3773 752 3838 Zwieherus
766 3771 875 3848 voluit,
925 3791 961 3834 er
1021 3768 1086 3834 sive
1103 3766 1267 3853 unigenito

222 3857 390 3942 quioqunm
401 3858 579 3924 intrinseoae
590 3857 791 3944 perfeetionis
801 3877 912 3922 revera
925 3855 1094 3920 necessisse
1108 3875 1147 3918 ex
1163 3853 1268 3917 onrnis

221 3943 434 4020 assumtiono;
460 3942 523 4010 imo
548 3945 742 4009 eontrarium
766 3950 878 4028 aperte
904 3943 1006 4006 dooet.
1053 3939 1135 4004 Nem
1164 3937 1267 4024 primo

222 4028 340 4094 diserto
354 4031 411 4107 sit,
428 4030 600 4094 Dominum
614 4035 758 4094 nostrum
773 4028 949 4113 perfeetum
963 4027 1059 4091 fuisse
1075 4025 1219 4090 Verbum
1234 4032 1268 4089 et

221 4114 502 4216 upigenitumpnte
512 4115 771 4182 incarnationem.
789 4113 912 4178 Deinde
922 4113 1007 4178 olere
1017 4113 1111 4177 dooet
1123 4111 1267 4176 Verbum

221 4201 788 4388 ιιιιιιιιινιιιιιι
802 4198 1268 4351 {suetonius

221 4373 349 4439 debent.
395 4373 478 4456 Quid
508 4373 749 4461 ergo‚inqu1es,
774 4372 873 4438 voluit
893 4371 1098 4457 Hippolytus,
1123 4393 1195 4436 oum
1220 4371 1268 4434 nit

224 4458 368 4524 Verbum
393 4468 427 4525 et
453 4461 650 4546 unigenitum
676 4460 743 4525 sine
768 4481 862 4523 eume
887 4458 1061 4542 perfeetum
1085 4479 1149 4522 non
1173 4456 1268 4520 fuisse

717 4562 774 4608 sn
