3326 5200
409 479 479 542 atu
797 474 1085 540 FIRMILIANI

416 675 602 746 synagoga,
629 653 713 744 quia
745 675 811 722 nec
845 673 973 744 sponsa
1005 658 1070 733 ast,
1098 647 1260 719 adultera
1289 651 1327 718 et
1356 645 1464 717 forni-

416 769 535 852 caria;
560 767 656 839 unde
682 791 749 838 nec
776 776 895 860 potest
923 765 1015 836 lilios
1041 764 1111 836 Del
1138 787 1272 858 parere.
1326 763 1407 833 Nisi
1434 763 1464 834 si
1505 773 1510 786 '

417 884 611 955 secundum
640 884 734 976 quod
763 882 945 975 Stephano
973 882 1123 964 videtur,
1147 879 1292 950 haeresis
1319 879 1463 970 quidem

416 1002 564 1093 parit-et
581 1001 748 1092 exponit:
775 1000 956 1092 expositos
981 1007 1103 1068 autem
1129 997 1279 1069 ecclesia
1294 996 1464 1088 suscipit;

417 1126 455 1188 et
472 1140 560 1209 quos
580 1139 652 1187 ιιοιι
674 1118 751 1209 ipsa
772 1117 949 1208 pepererit
972 1139 1035 1208 pro
1060 1115 1132 1184 suis
1149 1113 1273 1196 nutrit,
1291 1135 1373 1183 cum
1396 1110 1491 1192 fili-5

417 1256 518 1303 orum
552 1232 749 1303 alienorum
782 1242 897 1303 mater
930 1253 1007 1302 esse
1033 1253 1106 1300 non
1135 1231 1255 1323 possit.
1308 1229 1357 1300 Et
1384 1228 1465 1298 ideo

418 1349 579 1420 Christus
614 1348 789 1419 Dominus
822 1355 942 1418 noster
983 1369 1092 1417 unam
1125 1368 1202 1416 esse
1235 1346 1465 1416 manifestans

418 1489 581 1558 sponsam
604 1487 714 1546 suam,
732 1473 770 1534 et
790 1465 937 1535 unitatis
962 1464 1038 1555 ejus
1063 1470 1323 1533 sacramentum
1349 1459 1466 1532 decla-

254 1589 507 1666 lmoxiaorans,
525 1584 594 1653 ait:
621 1581 694 1664 Qui
716 1604 788 1651 non
814 1589 869 1650 est
891 1601 1043 1661 mecum,
1068 1577 1235 1648 adversus
1262 1599 1321 1646 rno
1344 1586 1409 1660 cst,
1427 1584 1465 1648 et

416 1699 477 1791 qui
494 1721 566 1768 non
583 1721 724 1792 mecum
742 1695 887 1790 colligit,
905 1696 1048 1788 spargit.
1101 1694 1140 1764 Si
1163 1694 1258 1763 enim
1279 1694 1464 1764 nobiscum
1480 1715 1514 1755 ιο

417 1822 472 1884 est
500 1813 672 1898 Christus,
703 1813 860 1884 haeretici
891 1821 1013 1882 autern
1047 1833 1119 1882 non
1152 1817 1236 1880 sunt
1269 1809 1464 1892 nobiscum,

416 1952 480 2022 pro
510 1938 608 2000 certo
634 1931 800 2000 adversus
830 1927 1011 1998 Christum
1042 1936 1126 1998 sunt
1155 1925 1335 1996 haeretici:
1370 1925 1463 1995 etsi

416 2066 481 2114 nos
510 2045 710 2139 colligimus
744 2069 826 2116 oum
854 2044 1007 2126 Christo,
1036 2067 1109 2113 non
1139 2041 1313 2136 colligunt
1343 2052 1465 2112 autem

418 2163 601 2232 nobiscum
627 2161 798 2245 haeretici,
823 2162 899 2231 sine
924 2159 1047 2230 dubio·
1040 2167 1238 2254 spargunt

469 2277 539 2347 XI.
574 2278 646 2349 Sed
677 2301 742 2348 neo
769 2276 859 2347 illud
892 2277 1180 2369 praetereundum
1214 2283 1269 2346 est
1298 2297 1320 2345 a
1353 2275 1464 2358 nobis,
1477 2301 1488 2342 ι
1494 2299 1512 2359 5

342 2426 391 2471 ,ει
418 2394 512 2485 quod
539 2418 561 2465 a
586 2395 685 2463 vobis
710 2394 906 2463 necessario
931 2394 1068 2463 dictum
1095 2400 1160 2474 est,
1183 2392 1278 2484 quod
1305 2391 1464 2476 ecclesia,

254 2558 326 2606 ,mm
323 2430 389 2591 ’,ΞΜ
356 2509 612 2592 o„secundum
647 2508 836 2578 Canticum
869 2508 1108 2592 Canticorum,
1143 2510 1267 2580 hortus
1301 2511 1348 2579 sit
1381 2532 1466 2580 con·

253 2608 364 2723 msslw
336 2624 544 2721 uu'uoluens
575 2632 613 2693 et
642 2624 721 2693 fons
750 2625 918 2716 signatus,
944 2627 1123 2718 paradisus
1148 2649 1230 2696 cum
1260 2626 1379 2696 fructu
1400 2649 1463 2719 po-

415 2761 566 2811 morum.
602 2739 674 2822 Qui
691 2747 812 2809 autern
829 2763 1009 2832 nunquam
1027 2742 1064 2810 in
1081 2741 1175 2812 hunc
1192 2741 1274 2811 hort
1259 2750 1336 2812 tum
1354 2741 1464 2812 intro-

416 2857 543 2938 ierunt,
560 2878 676 2948 nequo
700 2856 901 2948 paradisum
926 2858 1045 2928 aDeo
1069 2857 1237 2929 Creatore
1262 2857 1461 2952 plantatum
1475 2881 1515 2922 ιο

417 2974 591 3054 viderunt,
619 2973 797 3064 quomodo
821 2973 866 3044 de
889 2973 989 3044 fonte
1014 2975 1077 3065 qui·
1095 2975 1191 3046 intus
1217 2975 1371 3046 inclusus
1396 2985 1462 3059 est,

418 3099 456 3160 et
481 3090 600 3159 divino
628 3087 743 3180 sigillo
771 3090 929 3183 signatus
955 3098 1019 3172 est,
1042 3113 1171 3182 aquam
1192 3093 1307 3161 vivam
1334 3090 1463 3162 lavacri

418 3206 579 3276 salutaris
596 3205 751 3297 praebore
767 3206 872 3275 alicui
890 3207 1082 3298 poterunt?
1109 3207 1201 3277 Cum
1220 3230 1303 3278 vero
1328 3217 1366 3279 et
1382 3230 1465 3280 arca

420 3321 502 3392 Noe
525 3320 612 3390 nihil
638 3321 734 3391 aliud
759 3322 867 3392 fuerit
891 3345 997 3414 quam
1021 3332 1280 3394 sacramentum
1303 3324 1463 3396 ecclesiae

418 3435 560 3519 Christi,
591 3460 671 3530 quae
701 3447 787 3508 tuuc
822 3440 985 3508 omnibus
1018 3440 1102 3510 foris
1139 3442 1369 3533 percuntibus
1403 3460 1513 3526 cosas
1632 3441 1637 3450 '

418 3552 511 3623 solos
538 3554 700 3636 servavit,
731 3554 791 3645 qui
817 3555 910 3623 intra
940 3577 1055 3624 arcam
1084 3556 1252 3641 fuerunt3
1277 3557 1464 3629 manifesto

418 3671 625 3740 instruimur
666 3669 711 3739 ad
750 3669 910 3740 ecclesiae
956 3672 1131 3742 unitatem
1175 3674 1464 3767 perspiciendam,

420 3786 718 3878 quemadmodum
744 3795 782 3856 ct
811 3784 991 3877 apostolus
1018 3787 1145 3858 Petrus
1168 3791 1297 3882 posuit,
1321 3791 1463 3860 dicens:

259 3910 362 3960 ¹¹’etss
346 3913 380 3960 ni·
421 3901 480 3973 Sic
493 3911 531 3972 ot
544 3925 608 3972 nos
620 3900 784 3972 similiter
799 3900 913 3972 salvos
930 3903 1036 3973 faciet
1053 3903 1247 3996 baptisma:
1265 3905 1464 3989 osteudens,

420 4019 585 4109 quoniam
614 4018 791 4109 quomodo
825 4017 885 4108 qui
913 4041 994 4088 oum
1027 4017 1146 4089 Noe
1136 4042 1173 4090 ιιι
1199 4043 1281 4090 arca
1310 4043 1382 4091 non
1410 4021 1466 4091 fu-
1450 4043 1518 4105 ·³0

423 4141 536 4215 erunt,
554 4155 626 4203 nou
643 4141 722 4203 tant
722 4155 784 4202 um
802 4135 941 4226 purgati
960 4141 997 4204 et
1014 4133 1138 4205 salvati
1155 4157 1220 4226 per
1240 4159 1368 4226 aquam
1395 4159 1466 4206 non

346 2301 361 2332 a

253 2349 403 2463 illumi-on-

254 2283 344 2333 Eoclasi

271 2359 338 2397 crtus

253 2413 334 2527 amur!

421 4255 514 4328 sunt,
532 4249 592 4318 sed
618 4250 738 4348 statim
763 4248 897 4320 diluvio
920 4248 981 4319 illo
1003 4250 1207 4342 perierunt3
1232 4251 1282 4321 sic
1308 4259 1346 4322 et
1371 4275 1465 4324 nunc

412 4365 620 4466 'quicunque
651 4367 686 4433 in
717 4364 865 4434 ecclesia
895 4389 976 4435 oum
999 4365 1140 4436 Christo
1167 4390 1239 4437 non
1263 4377 1355 4456 sunt,
1383 4369 1467 4442 foris
