3326 5200
404 467 467 530 232
783 467 1070 534 FIRMILIANI

404 640 510 726 Quod
535 643 660 733 utique
686 664 756 714 non
783 643 960 716 diceretur
984 645 1029 715 de
1053 642 1199 738 angelis,
1216 645 1452 716 conversatio-

403 777 486 826 nem
513 757 551 826 in
584 757 683 830 coelis
711 759 934 844 habentibus,
961 760 1028 832 nisi
1057 761 1123 853 ipsi
1157 781 1299 852 quoque
1333 769 1451 831 essent

404 871 505 943 nobis
522 873 678 958 adunati,
696 877 757 968 qui
774 885 895 948 nostra
910 877 1124 948 adunatione
1143 876 1331 948 laetantur:
1358 877 1451 947 sicut

403 1012 424 1060 e
458 991 633 1061 contrario
675 991 800 1083 utique
842 994 1105 1076 contristantur,
1144 993 1285 1086 quando
1329 993 1451 1062 vident

403 1105 555 1176 diversas
581 1107 803 1199 quorrmdam
833 1117 982 1193 mentes,
1009 1116 1047 1180 et
1077 1110 1199 1181 scissas
1224 1109 1427 1181 voluntates
1441 1130 1477 1193 ;5

402 1222 500 1313 quasi
526 1229 610 1292 non'
626 1230 768 1294 tantum
795 1247 906 1294 unum
941 1235 979 1297 et
1008 1225 1161 1297 eundem
1191 1225 1310 1297 Deum
1344 1223 1449 1296 simul

402 1338 578 1420 invocent,
606 1338 667 1409 sed
698 1339 875 1432 separatis,
905 1349 944 1410 et
973 1341 1091 1412 divisis
1120 1342 1167 1412 ab
1193 1343 1355 1424 invicem,
1384 1363 1451 1411 nec

374 1441 379 1446 ¹
402 1453 640 1525 confabulatio
661 1456 739 1547 J’am
768 1457 985 1549 pensitasse,
1010 1464 1074 1526 aut
1099 1480 1214 1528 sermo
1240 1458 1449 1528 communis.

403 1568 485 1641 Nisi
518 1570 612 1662 quod
647 1593 711 1642 nos
744 1573 894 1666 gratiam
928 1573 1058 1644 referre
1092 1572 1275 1667 Stephano
1308 1575 1347 1643 in
1380 1575 1450 1644 isto

400 1707 611 1777 poscumus:
652 1687 749 1779 quod
789 1711 852 1780 per
885 1687 979 1758 illius
1013 1688 1311 1759 inhumanitatem
1353 1712 1449 1760 nunc
1462 1715 1498 1754 ιο

402 1801 569 1874 effectum
604 1803 660 1886 sit,
690 1813 732 1874 ut
760 1804 843 1874 fidei
873 1812 911 1874 et
938 1805 1120 1897 sapientiae
1148 1813 1276 1876 vestrae
1310 1807 1450 1898 experi-

399 1927 562 1990 mentum
579 1941 794 2012 caperemus.
847 1919 919 1990 Sed
942 1943 1014 1990 non
1039 1921 1135 1990 enim
1161 1922 1191 1990 si
1215 1943 1280 1991 nos
1305 1929 1451 2014 pmpter

401 2033 622 2128 Stephanum
647 2034 739 2106 hanc
765 2036 926 2107 beneficii
956 2037 1106 2129 gratiam
1135 2035 1305 2128 cepimus,
1326 2037 1449 2106 statim

401 2148 603 2242 Stephanus
615 2150 787 2222 beneficio
801 2160 839 2222 et
851 2152 965 2246 gratia
977 2152 1084 2244 digna
1100 2151 1288 2221 commisit.
1317 2150 1448 2243 Neque

400 2265 496 2336 enim
526 2274 563 2336 et
588 2265 701 2338 Judas
725 2270 871 2361 perfidia
896 2292 959 2339 sua
984 2277 1022 2339 et
1044 2268 1253 2360 proditione,
1279 2292 1350 2361 qua
1374 2291 1495 2351 sce-15

401 2380 512 2452 lerate
536 2384 629 2453 circe
655 2383 875 2455 Salvatorem
902 2392 1065 2478 operatus
1090 2392 1155 2465 est,
1183 2385 1312 2478 dignus
1337 2385 1447 2455 videri

401 2505 528 2589 potest,
554 2501 653 2592 quasi
679 2523 821 2571 causam
848 2501 1021 2572 bonorum
1051 2508 1232 2570 tantorum
1257 2501 1333 2593 ipse
1358 2524 1450 2593 prae-

401 2614 542 2697 stiterit,
567 2625 609 2686 ut
638 2615 829 2708 perillum
858 2619 1011 2688 mundus
1041 2624 1079 2686 et
1104 2616 1267 2709 gentium
1296 2616 1448 2710 populus

401 2734 561 2825 passione
579 2731 724 2803 Domini
742 2733 960 2805 liberaretur.
1013 2733 1084 2804 Sed
1107 2731 1182 2803 haec
1205 2733 1349 2804 interim
1365 2756 1448 2826 quae

400 2848 446 2919 ab
480 2847 662 2942 Stephano
695 2858 797 2943 gesta
830 2859 922 2933 aunt,
957 2856 1235 2942 praetereantur;
1278 2870 1324 2919 ne
1361 2848 1447 2920 dum
1460 2875 1499 2916 20

402 2965 559 3037 audaoiae
576 2973 613 3035 et
630 2965 826 3037 insolentie
849 2967 925 3057 ejus
950 2966 1176 3035 meminimus
1201 2963 1246 3035 de
1272 2965 1377 3036 rebus
1401 2966 1447 3036 ab

402 3105 445 3153 ec
474 3082 634 3174 improbe
663 3082 772 3175 gestis
802 3080 997 3176 longiorem
1032 3081 1236 3152 moestitiam
1267 3081 1369 3152 nobis
1394 3083 1448 3151 in-

402 3199 565 3269 feramus.
617 3195 675 3266 De
704 3197 803 3267 vobis
831 3205 951 3268 autem
979 3204 1240 3289 cognoscentes,
1272 3197 1366 3288 quod
1394 3221 1449 3268 se-

402 3315 558 3385 cundum
600 3311 759 3406 regulam
796 3314 952 3383 veritatis
990 3320 1027 3381 et
1061 3311 1270 3403 sapientiam
1304 3312 1446 3397 Christi,

400 3430 469 3500 hoc
486 3429 532 3501 dc
548 3451 619 3521 quc
636 3450 731 3499 nunc
748 3430 919 3520 quaeritur
935 3428 1196 3520 disposueritis;
1219 3451 1301 3498 cum
1319 3449 1449 3523 magna
1459 3454 1497 3514 ²5

401 3545 529 3616 laetitia
562 3543 800 3615 exultavimus
834 3553 871 3614 et
907 3545 985 3615 Deo
1019 3544 1149 3638 gratias
1184 3543 1331 3637 egimus,
1365 3548 1448 3638 quia

402 3662 599 3732 invenimus
633 3661 670 3729 in
704 3659 870 3730 fratribus
905 3669 979 3730 tam
1014 3659 1119 3753 longe
1153 3661 1276 3752 positis
1310 3668 1447 3730 tantam

402 3776 586 3848 nobiscum
611 3774 694 3846 fidei
720 3784 758 3846 et
776 3777 934 3846 veritatis
959 3775 1242 3846 unanimitatem.

239 3901 386 3980 diuninse
454 3891 503 3962 II.
524 3891 655 3962 Potens
680 3899 735 3961 est
761 3893 856 3962 enim
879 3894 994 3986 gratia
1017 3890 1086 3962 Dei
1112 3891 1277 3985 copulare
1303 3901 1340 3963 et
1366 3915 1449 3962 con-

239 3967 548 4102 fflffijfflgere
582 4007 737 4078 caritatis
770 4014 877 4098 atque
911 4008 1058 4077 unitatis
1085 4008 1235 4090 vinculo,
1263 4008 1372 4079 etiam
1406 4031 1504 4099 ea3o

239 4110 342 4211 ffl'f'
403 4147 483 4214 quae
507 4124 671 4194 videntur
695 4122 853 4216 longiore
879 4132 1051 4193 terrarum
1082 4125 1194 4216 spatio
1220 4147 1296 4195 esse
1327 4125 1447 4194 divisa.

404 4237 609 4308 Secundum
635 4237 729 4329 qnod
755 4245 793 4308 et
810 4239 895 4309 olim
919 4237 1104 4308 intervallo
1126 4247 1327 4332 temporum
1350 4263 1450 4333 sepa-

240 4371 389 4422 azoenaivr
403 4358 508 4432 ratos,
534 4351 580 4421 ab
605 4349 677 4422 Job
707 4361 744 4422 ct
771 4351 854 4422 Noe
880 4355 940 4444 qui
971 4353 1008 4422 in
1038 4353 1159 4445 primis
1184 4354 1334 4438 fuerant,
1360 4354 1451 4426 Ere-
