3314 5190
424 487 490 558 276
628 545 630 553 ,
804 494 835 556 S.
860 491 1094 558 CYPRIANI

288 665 292 672 “
424 663 536 747 rabat,
553 665 786 750 tradiderunt,
807 689 949 738 crucem
971 669 1047 760 ejus
1066 675 1105 738 et
1127 675 1281 736 mortem
1303 661 1477 757 suffragiis

425 779 591 852 violentis
620 804 662 852 ac
687 783 925 874 pertinacibus
952 783 1163 879 flagitantes.
1215 781 1299 852 Hoc
1322 802 1383 852 eos
1406 779 1478 850 iae-

425 909 524 968 turos
549 907 587 968 et
612 898 688 990 ipse
715 901 940 991 praedixerat,
970 909 1008 971 et
1038 899 1291 994 prophetarum
1317 896 1477 968 omnium

425 1015 670 1086 testimonium
705 1017 754 1086 sio
788 1025 872 1088 ante
904 1025 1140 1110 precesserat,
1174 1023 1338 1110 oportere
1373 1009 1477 1082 illum

424 1130 508 1221 pati,
535 1153 606 1201 non
632 1141 674 1203 ut
699 1135 846 1205 sentiret
870 1141 1034 1216 mortem,
1060 1133 1122 1204 sed
1152 1140 1194 1202 ut
1223 1132 1403 1214 vinceret3
1438 1134 1504 1205 ets

423 1267 506 1316 oum
529 1269 651 1339 passus
673 1256 777 1332 esset,
794 1251 839 1321 ad
863 1271 1007 1342 superos
1029 1250 1147 1320 denuo
1169 1247 1319 1342 regredi,
1339 1252 1382 1316 ut
1403 1243 1476 1312 vim

423 1361 554 1432 divinae
584 1365 779 1457 majestatis
815 1366 1030 1437 ostenderet.
1099 1364 1226 1436 Fidem
1262 1364 1384 1454 itaque
1421 1382 1476 1430 re-

422 1501 502 1548 rum
527 1503 650 1551 cursus
672 1481 844 1574 implevit.
897 1480 995 1552 Nam
1018 1490 1057 1552 et
1080 1481 1270 1553 crucifixus
1290 1485 1475 1572 praevento

422 1597 594 1667 camiiiois
612 1597 727 1669 officio
744 1598 907 1690 spiritum
924 1606 1050 1691 sponte
1068 1599 1212 1681 dimisit,
1230 1605 1268 1668 et
1292 1597 1350 1667 die
1367 1596 1474 1666 tertio

421 1735 540 1785 mrsus
569 1735 591 1784 o
620 1715 769 1786 mortuis
796 1722 922 1807 sponte
951 1714 1115 1784 surrexit.
1166 1711 1347 1805 Apparuit
1371 1712 1523 1785 disci-10

421 1829 514 1922 pulis
539 1831 611 1902 suis
636 1830 750 1924 qualis
779 1837 817 1902 et
845 1831 972 1913 fuerat,
998 1830 1261 1923 agnoscendum
1288 1851 1327 1899 se
1353 1828 1475 1899 viden-

421 1948 518 2019 tibus
534 1949 685 2042 praebuit
702 1946 808 2020 simul
821 1947 977 2040 junotis;
1003 1952 1041 2016 et
1061 1945 1267 2016 substantiae
1284 1944 1473 2037 corporalis

421 2065 590 2136 firmitate
612 2067 831 2160 conspicuus,
857 2063 904 2136 ad
925 2063 999 2134 dies
1022 2061 1255 2156 quadraginta
1276 2068 1473 2132 remoratus

421 2189 486 2265 est,
505 2191 546 2253 ut
572 2182 617 2252 de
638 2206 681 2254 eo
698 2184 743 2253 ad
768 2189 949 2275 praeoepta
969 2177 1090 2249 vitalia
1109 2177 1236 2247 instrui
1260 2183 1416 2269 possent,
1433 2183 1472 2246 et

422 2300 597 2368 discerent
613 2320 691 2388 quae
709 2299 887 2368 docerent.
934 2295 1034 2365 Tunc
1056 2293 1094 2363 in
1111 2292 1243 2364 coelum
1258 2291 1471 2364 circumfusa
1482 2329 1494 2372 1
1501 2329 1518 2389 5

420 2413 515 2484 nube
533 2412 692 2482 sublatus
709 2423 785 2494 est3
814 2419 856 2481 ιιι
876 2411 1058 2481 hominem
1078 2430 1185 2502 quem
1206 2407 1344 2493 dilexit,
1362 2433 1470 2503 quem

419 2529 545 2609 induit,
564 2549 671 2619 quem
688 2551 709 2597 a
728 2535 844 2596 morte
864 2527 1031 2620 protexit,
1048 2526 1093 2596 ad
1112 2523 1256 2596 Patrem
1274 2527 1388 2597 victor
1404 2527 1470 2597 im-

418 2653 576 2738 poneret,
591 2645 668 2735 jam
691 2651 901 2713 ventumse
924 2641 1013 2712 coelo
1040 2641 1086 2712 ad
1108 2663 1249 2734 poenam
1275 2641 1406 2713 diaboli
1429 2651 1467 2714 et

418 2764 463 2834 ad
480 2783 663 2832 censuram
687 2760 825 2853 generis
847 2759 994 2829 humani
1017 2758 1141 2828 ultoris
1159 2756 1251 2854 (sor.
1269 2759 1307 2829 in
1326 2759 1466 2852 ultoris)

418 2879 538 2972 vigore
555 2885 593 2946 et
604 2875 736 2968 judicis
753 2883 952 2967 potestate;
975 2897 1039 2967 per
1055 2873 1177 2944 orbem
1195 2896 1279 2943 vero
1292 2873 1465 2967 discipuli,
1476 2911 1515 2952 ro

417 2994 585 3087 magistro
611 3001 648 3062 ιι
674 2990 769 3086 (for.
796 3000 833 3061 et
858 2989 1004 3085 deleted.)
1039 2989 1118 3061 Deo
1143 2997 1321 3073 monente,
1347 2990 1465 3062 diffirsi

416 3117 596 3202 praecepta
619 3109 657 3177 in
682 3106 834 3177 salutem
860 3107 994 3189 darent,
1021 3106 1067 3176 ab
1091 3127 1208 3176 errore
1237 3105 1464 3176 tenebrarum

415 3226 460 3297 ad
476 3227 570 3296 viam
587 3224 676 3295 lucis
692 3224 919 3305 adducerent,
934 3245 1049 3293 ooecos
1062 3230 1100 3292 et
1117 3223 1256 3314 ignaros
1272 3222 1318 3292 ad
1335 3223 1463 3315 agniti·

415 3364 520 3410 onem
533 3341 691 3411 veritatis
704 3337 897 3409 ocularent.
936 3336 993 3408 Ao
1007 3361 1052 3408 ne
1065 3337 1333 3430 essetprobatio
1346 3339 1463 3410 minus

414 3456 526 3526 solida
542 3466 580 3526 et
598 3458 642 3527 de
659 3456 801 3526 Christo
819 3453 971 3526 delicata
993 3454 1177 3536 confessio,
1194 3477 1259 3547 per
1274 3461 1460 3541 tormenta,
1472 3491 1509 3552 ²5

412 3593 477 3663 per
503 3594 633 3654 cruces,
661 3569 868 3664 permulta
893 3593 1075 3664 poenamm
1106 3593 1237 3665 genera
1265 3579 1460 3644 tentantur.

414 3686 536 3770 Dolor,
554 3690 615 3780 qui
632 3688 790 3758 veritatis
811 3689 912 3758 testis
929 3697 993 3771 est,
1011 3689 1221 3758 admovetur
1240 3696 1281 3758 ut
1298 3687 1461 3759 Christus

414 3803 482 3872 Dei
510 3803 629 3886 Filius,
646 3804 708 3895 qui
733 3802 936 3874 hominibus
959 3805 1003 3873 ad
1030 3805 1140 3873 vitam
1164 3804 1268 3874 datus
1294 3805 1458 3887 creditur,

410 3942 482 3989 non
493 3927 634 3990 tantum
646 3920 823 4012 praeconio
835 3919 939 4002 vocis,
951 3919 1011 3990 sed
1025 3926 1063 3989 et
1074 3920 1245 4013 passionis
1255 3921 1459 3991 testimonio

411 4037 667 4128 prediceretur.
725 4033 834 4104 Hunc
856 4034 964 4127 igitur
985 4036 1206 4117 comitamur,
1228 4034 1323 4104 hunc
1343 4037 1509 4136 sequi-30

410 4175 500 4235 mur,
517 4152 613 4224 hunc
634 4152 807 4222 habemus
828 4151 964 4220 itineris
985 4150 1122 4233 ducem,
1141 4148 1230 4220 lucis
1252 4151 1457 4244 prinoipem,

407 4267 533 4338 salutis
555 4277 747 4351 auctorem,
769 4265 899 4338 coelum
921 4267 1053 4359 pariter
1073 4275 1111 4336 et
1134 4265 1279 4338 Patrem
1301 4290 1458 4358 quaeren-

406 4383 505 4454 tibus
522 4392 559 4452 et
575 4383 801 4457 credentibus
817 4381 1055 4474 pollicentem.
1098 4381 1205 4466 Quod
1222 4391 1277 4454 est
1294 4382 1458 4456 Christus

405 4498 538 4569 erimus
554 4497 755 4580 Christiani,
773 4498 802 4566 si
819 4496 1001 4569 Christum
1018 4498 1188 4569 iirerimus
1205 4500 1328 4572 secuti.
