3316 5198
393 435 457 498 DE
482 431 882 498 PRAESCRIPTIONE
907 434 1034 497 HAER.
1176 434 1240 499 127

191 617 228 681 et
252 610 438 703 praestigiis
466 607 615 702 Apelles
641 607 817 690 inductus,
847 629 975 678 novam
1002 608 1161 678 haeresim
1189 609 1241 676 in-

191 728 305 798 duxit.

246 842 315 913 Hae
352 850 436 913 sunt
421 841 642 912 tdootrinae
682 841 942 911 hominumt
905 850 942 911 et
976 842 1239 924 daemoniorum,
1249 854 1333 905 cte.
1343 853 1402 902 vn.

191 959 430 1052 prurientibus
453 957 598 1028 auribus
621 965 713 1027 natae
738 957 821 1026 de
812 958 954 1050 mgenio
980 955 1160 1050 sapientiae
1186 977 1240 1026 se·
1230 895 1387 1035 Ψ

164 1075 342 1157 sculeris:
386 1097 493 1166 quam
533 1071 708 1143 Dominus
746 1071 927 1144 stultitiam
963 1095 1100 1155 vocene,
1136 1051 1333 1143 ιίιιίια’Τ““
1253 1067 1363 1166 ,,,0,,’,,ξ
1384 1129 1405 1162 ,,

193 1190 370 1262 maulim
392 1190 634 1262 eonfirsionem
656 1192 765 1260 etiam
788 1189 1053 1282 philosophiae
1044 1190 1153 1282 rpsius
1170 1190 1242 1260 ele-

193 1308 257 1401 git.
309 1306 364 1378 Ea
380 1315 435 1377 est
452 1307 547 1376 enim
564 1307 714 1376 materia
734 1306 925 1398 sapientiae
937 1305 1113 1390 secularis,
1131 1317 1244 1380 teme-

194 1423 285 1494 raria
300 1423 473 1515 interpres
491 1422 621 1492 divinae
638 1429 775 1490 naturae
799 1430 837 1491 et
855 1423 1101 1514 dispositionis.
1154 1423 1245 1516 Ipsoe

195 1537 348 1630 denique
372 1537 525 1608 haereses
554 1559 576 1608 a
606 1534 828 1629 philosophia
857 1536 1103 1607 subornantur.
1156 1537 1244 1609 Inde

151 1674 310 1724 maeones
344 1661 382 1723 et
415 1653 540 1725 formae
575 1653 693 1722 neseio
728 1675 819 1743 quae,
854 1661 892 1722 et
926 1653 1065 1724 trinitas
1091 1653 1245 1724 hominis

196 1769 291 1862 apud
322 1767 576 1839 Valentinum:
613 1767 818 1838 Platonicus
846 1768 973 1838 fuerat.
1026 1769 1115 1839 Inde
1147 1767 1247 1838 Mar·

197 1884 307 1955 aionis
333 1883 433 1956 Deus
458 1884 584 1955 melior
609 1885 654 1955 de
679 1883 955 1976 tranquillitate:
990 1906 1012 1953 a
1036 1883 1165 1954 Stoicis
1187 1906 1247 1953 ve-

197 2008 308 2071 nerat.
361 1998 410 2070 Et
439 2009 481 2070 ut
503 2001 620 2070 anima
647 2001 791 2070 interire
819 1999 966 2083 dicatur,
990 2001 1035 2071 ab
1063 1999 1246 2093 Epicureis

199 2118 414 2189 observatur.
467 2117 515 2187 Et
539 2127 580 2187 ut
602 2119 715 2188 camis
737 2118 915 2186 restitutio
937 2127 1096 2211 negetur,
1115 2119 1159 2188 de
1177 2141 1248 2187 una

154 2233 358 2322 15omnium
393 2231 681 2325 philosophorum
719 2231 840 2303 schola
877 2235 1038 2303 sumitur.
1104 2233 1152 2303 Et
1186 2233 1247 2303 ubi

197 2351 454 2420 materiatum
486 2348 566 2419 Deo
596 2357 763 2440 aequatur,
790 2346 945 2419 Zenonis
975 2347 1158 2442 disciplina
1183 2359 1247 2420 est.

201 2465 250 2536 Et
275 2467 337 2536 ubi
361 2466 494 2558 aliquid
522 2465 567 2536 de
595 2468 699 2560 igneo
726 2464 806 2536 Deo
833 2465 1016 2559 allegatur,
1044 2466 1249 2538 Heraclitus

200 2583 401 2652 intervenit.
455 2581 599 2653 Eaedem
622 2583 779 2652 materiae
799 2583 894 2675 apud
917 2583 1101 2653 haereticos
1118 2592 1156 2653 et
1172 2582 1250 2676 phi-

201 2698 365 2792 losophos
393 2699 608 2781 volutantur,
634 2698 743 2769 iidem
766 2709 977 2771 retractatus
1002 2700 1249 2793 implicantur:

155 2843 192 2882 20
203 2813 309 2885 Unde
334 2812 493 2885 malum?
525 2824 562 2885 et
589 2814 721 2906 quare?
752 2823 799 2897 et,
825 2815 920 2885 unde
945 2814 1077 2886 homo?
1104 2824 1143 2886 et
1166 2839 1252 2907 quo-

202 2929 333 2999 modo?
375 2940 413 3000 et
454 2929 548 3022 quod
593 2930 755 3023 proxime
801 2931 1015 3003 Valentinus
1059 2934 1251 3025 proposuit,

203 3045 298 3116 unde
326 3045 450 3118 Deus?
492 3045 639 3117 Scilicet
668 3047 714 3116 de
744 3047 952 3140 enthymesi,
979 3057 1016 3117 et
1046 3056 1252 3118 ectmmate.

204 3161 374 3254 Sequitur
391 3160 625 3234 Aristotelem
644 3160 737 3258 (sor.
756 3162 995 3257 Aristoteles),
1013 3165 1073 3256 qui
1094 3162 1164 3233 illis
1180 3163 1254 3233 dia-

204 3276 367 3348 lecticam
397 3281 562 3364 instituit,
592 3281 764 3350 artificem
795 3279 952 3348 struendi
983 3288 1020 3348 et
1050 3278 1254 3348 destruendi

159 3421 193 3480 25
205 3394 438 3489 versipellem,
473 3398 510 3467 in
544 3397 730 3467 sententiis
764 3403 933 3476 coactam,
968 3395 1005 3466 in
1043 3395 1255 3488 conjecturis

206 3511 341 3594 duram,
361 3513 398 3581 in
421 3515 640 3606 argumentis
662 3513 856 3605 operariam
880 3513 1159 3594 contentionum,
1180 3533 1256 3581 mo-

206 3625 344 3697 lestam
357 3628 468 3697 etiam
490 3628 654 3721 sibiipsi,
672 3629 791 3699 omnia
813 3637 1075 3711 retractantem,
1097 3651 1142 3698 ne
1170 3627 1254 3719 quid

208 3742 352 3812 omnino
370 3745 584 3814 tractaverit.
638 3743 735 3814 Hinc
752 3741 821 3816 illae
838 3744 965 3815 fabulae
982 3753 1020 3815 et
1035 3743 1357 3838 genealogiarum.

207 3857 496 3941 interminabiles,
514 3868 552 3929 et
573 3860 786 3950 quaestiones
807 3861 938 3931 infruct
923 3869 1047 3942 tuosae,
1065 3866 1103 3929 et
1124 3881 1255 3929 sermo-
1264 3829 1395 3944 fl,

159 3994 271 4056 30nes
296 3983 437 4066 serpent
439 3998 476 4046 es
422 3975 598 4045 tvelut
583 3984 767 4059 t;cancer
792 3975 964 4067 aquibus
990 3998 1054 4046 nos
1076 3974 1256 4068 apostolus

208 4088 409 4172 refraenans,
435 4092 645 4162 nominatim
671 4090 929 4184 philosophiam
954 4097 1175 4160 contestatur
1199 4112 1257 4159 oa-

209 4206 282 4275 vcri
312 4215 484 4299 oportere,
516 4207 670 4278 scribens
700 4209 745 4278 ad
775 4206 1019 4278 Colossenses:
1068 4203 1185 4278 Videte
1214 4223 1391 4277 necarant.

209 4321 286 4414 quis
320 4343 378 4391 cos
408 4322 652 4394 circumveniat
681 4347 748 4416 per·
771 4319 1025 4416 philosophiam
1053 4333 1084 4393 at
1119 4323 1254 4394 irionem
