3310 5224
363 496 415 565 IN
440 500 472 565 S.
489 499 767 565 POLYCARPI
791 497 1086 565 EPISTOLAM.
1202 499 1245 563 23

197 691 265 738 sem
286 671 406 756 judicio
432 670 602 757 Polyonrpi
627 670 867 756 pennittebnnt.
912 669 998 733 Vide
1030 669 1152 735 Vindio.
1176 669 1246 754 ejus

196 758 390 844 Ipuntionan
406 764 491 843 pert.
508 757 554 821 II.
570 779 638 842 esp.
656 776 704 840 13.
721 778 751 841 p.
768 759 838 838 169.

240 844 279 910 P.
301 861 349 906 12.
365 843 385 907 l.
402 847 490 944 purg}
516 845 610 928 σοφίη
633 848 687 907 τοῦ
711 845 855 924 μακαρίου
881 842 931 906 καὶ
954 843 1075 920 ἐνδόξου
1101 839 1244 929 Παύλου]

198 929 318 1016 Insigni
333 929 436 1016 elogio
451 929 646 1014 Polyonrpus
661 928 850 993 cohonestat
866 927 897 992 S.
916 927 1051 992 Paulum
1071 926 1105 991 od
1125 929 1246 1027 sopien-

196 1017 294 1088 νήσους
319 1037 383 1100 que
396 1037 472 1081 vooo
488 1015 522 1080 S.
539 1014 658 1079 Petrus
672 1014 712 1078 de
726 1015 838 1078 eodem
852 1013 964 1092 utitur,
983 1031 1001 1078 2
1019 1013 1121 1097 Epist.
1138 1013 1182 1076 iri.
1196 1031 1244 1098 15.

197 1101 231 1165 h.
247 1124 274 1166 e.
298 1102 340 1164 ob
362 1101 527 1166 seientiam
550 1100 726 1164 eoelestium
749 1121 938 1163 eroenorum
964 1106 998 1164 et
1023 1099 1247 1184 mysteriorum

198 1185 1247 1355 diddigeellididuilrilouptdimeisdndditsiddmmssviiuiiduffltitsitidesidiis

856 1321 864 1350 2

199 1295 1071 1532 nisani.sensnnrnsmnemnnn
1086 1441 1248 1529 nnn

199 1530 331 1616 epistole
344 1530 418 1614 ejus.
452 1529 615 1615 Epistoles
629 1538 663 1595 et
678 1531 717 1594 de
732 1552 797 1594 une
811 1528 946 1614 epistole
960 1529 1032 1607 diei,
1045 1528 1248 1594 observatum

200 1616 303 1682 doetis
318 1616 555 1701 Soripturerum
570 1616 796 1702 interpretibus
811 1615 854 1678 nd
868 1615 965 1679 libros
976 1615 1247 1681 Meohabaeorum.

200 1703 400 1768 Oorsunnrus.
445 1701 496 1766 De
511 1725 575 1767 uun
589 1709 717 1767 tentum
732 1700 867 1794 epistole
885 1701 1021 1766 Pouliun
1037 1701 1248 1786 Polycarpum

200 1788 252 1854 hio
266 1788 276 1851 l
320 1787 361 1863 ui,
378 1787 457 1852 sutis
471 1788 592 1853 indiont
606 1788 693 1852 loeus
707 1788 790 1853 ulter
804 1809 825 1851 n
840 1786 997 1852 Ootelorio
1012 1787 1179 1851 iudiontus.

246 1811 328 1938 Ibid.
344 1874 366 1937 l‘.
383 1875 413 1936 8.
428 1875 491 1953 ἥτις
504 1872 570 1938 ε’στὶ
584 1873 677 1954 μήιηρ
691 1873 812 1938 πάντων
826 1874 919 1956 ήρκῖιν]
941 1873 1020 1938 Cum
1035 1873 1067 1936 iu
1082 1872 1249 1958 plerosque

201 1959 299 2024 libros
320 1959 424 2024 editos
449 1960 628 2045 irrepsisset
652 1962 744 2039 ὑμῶν,
769 1959 873 2024 looum
902 1959 983 2022 oorri
1006 1980 1059 2022 ere
1082 1958 1249 2023 voluerunt

201 2046 225 2109 J
226 2046 328 2123 unius,
348 2045 532 2120 Ootelerius‚
556 2045 709 2122 Smithus,
734 2044 865 2129 Freyrn,
887 2045 970 2124 ἡμῶν
983 1980 1159 2130 degendum
1179 2065 1249 2108 esse

201 2137 289 2196 reote
303 2139 476 2196 mouentes.
514 2131 538 2194 J
539 2153 592 2196 em
607 2151 682 2195 vero
696 2131 834 2215 oomperi
849 2131 1002 2206 extitisse,
1019 2136 1053 2194 ot
1069 2135 1202 2194 nonnum
1215 2130 1249 2193 in

201 2217 340 2282 editione
366 2217 507 2302 principe
533 2217 723 2302 Interpretis
747 2216 864 2292 Latini,
891 2225 925 2281 et
949 2217 1031 2296 ἡμῶν
1052 2216 1085 2278 in
1110 2216 1249 2280 editione

202 2303 306 2368 Graeei
328 2303 517 2388 exemplaris
563 2303 691 2388 rinoipo‚
715 2323 810 2388 quem
837 2325 877 2366 ex
901 2302 1087 2387 apographo
1110 2302 1249 2366 Sirmon-

202 2389 298 2454 dieno
314 2387 494 2453 Halloixius
559 2389 693 2453 ornavit.
739 2388 829 2452 Idem
851 2409 985 2472 quoque,
1003 2394 1041 2452 ut
1060 2389 1160 2452 oodex
1176 2387 1250 2452 Flo-

202 2475 355 2553 rentinus,
372 2475 417 2539 sio
436 2496 502 2560 prae
524 2497 558 2540 se
576 2476 640 2539 fert
655 2474 811 2539 Aldriohii
829 2473 938 2550 editio,
954 2475 1010 2537 sed
1032 2474 1126 2560 hujus
1141 2481 1250 2539 temen

203 2581 268 2625 orae
283 2561 431 2646 adposite
452 2569 502 2625 est
517 2561 701 2645 oonjeoture
719 2563 808 2639 ὑμῶν.
854 2561 903 2624 At
917 2581 992 2623 vero
1013 2566 1179 2624 mutuatus
1200 2567 1251 2625 est

204 2647 399 2732 Polyonrpus
421 2648 519 2711 verbe
543 2647 681 2732 apostoli
706 2646 738 2709 in
765 2646 867 2731 Ερὶςι.
893 2645 938 2710 ad
964 2645 1102 2720 Galatas,
1129 2646 1168 2709 iv.
1198 2649 1249 2712 26.

203 2733 265 2811 ἥτις
280 2734 345 2796 ἐστὶ
359 2732 453 2814 μήτηρ
468 2731 588 2797 πάντων
602 2734 693 2812 ἡμῶν.
740 2731 790 2795 De
805 2732 864 2796 hoo
884 2731 1007 2796 interea
1020 2732 1105 2796 vocis
1120 2732 1249 2810 πάντων,

204 2840 275 2903 quae
297 2819 384 2904 apud
407 2818 543 2883 Paulum
566 2819 726 2882 interdum
748 2818 917 2895 omittitur,
934 2817 1135 2882 firmamento
1157 2817 1251 2882 silent

204 2904 304 2969 oritioi
320 2904 362 2968 ed
377 2904 489 2968 looum.
528 2903 620 2968 Nune
635 2904 718 2968 adde
733 2926 772 2968 ex
787 2903 826 2968 ol.
838 2903 862 2966 J
863 2903 1012 2968 eoobsoni
1027 2903 1165 2968 editione
1174 2904 1251 2968 PP.

203 2990 444 3074 Apostolioonnn
466 2990 704 3074 pstrooinsntes
724 2989 851 3054 leetioni
873 2991 954 3070 ἡμῶν
975 2989 1099 3054 oodioes
1121 2989 1251 3055 Votien-

205 3097 281 3139 num
296 3083 330 3140 et
346 3075 536 3141 Pur-isinum.

250 3161 332 3226 Ibid.
348 3161 368 3226 l.
388 3181 437 3226 ιι.
452 3161 528 3226 Ἐὰν
542 3160 601 3244 γάρ
620 3188 663 3230 τις
681 3163 794 3226 τούτων
808 3161 893 3228 ἐντὸς
913 3158 942 3248 ᾗ,
958 3161 1153 3243 πεπλήρωκεν
1168 3163 1249 3226 ἐνκο-

205 3247 264 3326 λήν
278 3249 479 3332 δικαιοσύνης]
498 3248 682 3334 Legendum
696 3247 774 3311 mihi
788 3247 964 3324 videbatur,
981 3250 1034 3312 ἐὰν
1048 3247 1106 3328 γάρ
1125 3273 1168 3314 τις
1186 3249 1252 3311 τού-

205 3331 357 3400 vendundo
371 3331 390 3421 ᾗ
404 3335 527 3416 πλήρης,
540 3335 735 3416 πεπλήρωκεν
745 3335 769 3398 ἐ.
782 3338 809 3398 δ.
824 3354 896 3396 oum
907 3353 968 3396 vox
978 3332 1092 3415 πλήρης
1101 3337 1252 3416 sequente

205 3420 359 3504 absorpta
381 3427 475 3484 esset.
521 3421 632 3504 Atque
651 3419 698 3484 ite
713 3419 881 3505 Anglioem
896 3418 1071 3483 versionem
1085 3439 1176 3482 sunm
1190 3418 1253 3481 for-

206 3527 310 3570 masse
339 3506 376 3570 ol.
403 3505 534 3570 Gavium
563 3512 638 3591 post
657 3505 730 3570 vidi.
775 3506 824 3570 At
852 3525 954 3589 nuper
977 3503 1016 3568 ol.
1039 3503 1251 3581 Jeoobsonus

206 3591 346 3656 soribens
367 3591 410 3655 nd
435 3591 494 3656 loo.
521 3593 642 3656 nescire
667 3613 710 3668 se,
737 3613 779 3655 en
805 3590 1038 3676 quodammodo
1058 3589 1254 3675 petrosinsri

206 3677 281 3742 huie
304 3676 495 3761 oonjeoturae
518 3678 664 3742 videntur
686 3677 843 3763 interpres
868 3682 968 3753 vetus,
992 3697 1119 3739 sensum
1144 3683 1254 3742 temen

207 3763 287 3828 setis
309 3763 427 3827 bonum
450 3764 593 3848 praebere
618 3763 734 3828 statuit
755 3762 929 3827 versionem
956 3761 1114 3838 Ootelerii‚
1134 3763 1163 3826 si
1185 3762 1255 3847 qm's

206 3849 289 3912 ende
304 3849 390 3913 intro
411 3849 474 3914 λιοσ
486 3850 592 3934 suerit
607 3875 618 3923 ;
644 3871 746 3933 neque
760 3871 890 3935 prorsus
905 3847 1061 3912 absimilia
1074 3847 1121 3912 nit
1135 3846 1254 3913 hebere

209 3935 371 4021 Ignatium
384 3935 430 3999 od
438 3935 547 4020 sptem
562 3937 590 4018 ξ.
602 3951 634 4020 5.
650 3933 727 3998 'nov
736 3935 776 4016 μή
787 3961 831 4002 τις
842 3932 861 4014 ή
872 3935 956 4002 ἐντὸς
967 3938 1019 3998 τοῦ
1030 3935 1252 4015 θυσιαστηρίου,

206 4024 374 4102 ὑστερεῖται
389 4026 442 4084 τοῦ
457 4023 547 4102 ἄρτου
561 4027 614 4085 τοῦ
630 4025 722 4086 Θεοῦ.

252 4106 334 4171 Ibid.
349 4106 370 4171 l.
392 4127 439 4187 14.
455 4105 613 4193 χαλεπῶν]
631 4105 810 4192 Hesychius
824 4106 857 4169 in
872 4106 993 4184 Lenioo,
1009 4107 1163 4170 Χαλεπόν.
1185 4107 1255 4172 δήσ-

209 4218 307 4276 εργαν,
324 4191 467 4274 σκληρὸν,
483 4195 593 4258 δεινόν.

253 4279 291 4342 Ρ.
308 4299 356 4363 13.
372 4279 393 4346 1.
410 4299 437 4346 ι.
453 4282 505 4346 τὰς
519 4286 660 4360 γυναῖκας
674 4275 770 4363 ὑμῶν]
786 4276 810 4339 J
812 4277 886 4340 unio
900 4278 982 4356 ὑμῶν
996 4297 1068 4341 oum
1089 4278 1171 4357 ἡμῶν
1187 4299 1254 4341 mu-

208 4365 291 4430 tenti
310 4365 379 4448 jem
398 4373 485 4432 reete
499 4363 701 4430 Jnoobsonus
722 4363 870 4448 opposuit
886 4363 963 4428 Vet.
981 4363 1101 4448 luterp.
1118 4363 1255 4428 oodioes-

209 4473 270 4534 que
284 4451 429 4536 scriptos.
