3314 5190
399 449 464 514 288
773 451 806 512 S.
829 448 1066 512 CYPRIANI

398 627 555 698 animum
586 626 719 707 deesse,
754 625 850 697 aliud
888 626 1006 696 animo
1039 623 1194 695 defuisse
1231 627 1451 718 martyrium.

399 741 552 826 Qualem
578 750 616 812 te
641 742 777 814 invenit
804 740 981 812 Dominus
1005 763 1089 812 cum
1114 747 1229 822 vocat,
1254 740 1365 811 talem
1391 765 1452 834 pa-

334 861 348 910 '·
399 858 485 928 riter
509 867 547 930 et
566 859 727 950 judicat3
752 860 894 951 quando
921 859 996 951 ipse
1018 864 1172 928 testetur
1194 865 1233 928 et
1259 857 1377 929 dicat:
1402 857 1453 930 Et

397 974 505 1045 aciem
521 997 637 1046 omncs
653 973 802 1046 ecclcsiae
824 975 907 1070 quio
932 997 992 1072 epo
1014 997 1089 1044 sum
1113 982 1286 1045 scrutator
1307 975 1404 1045 renis
1420 984 1452 1046 ct

397 1091 521 1161 cordis.
569 1091 650 1163 Nec
667 1095 762 1163 euim
780 1093 988 1186 sanguinem
1009 1101 1170 1162 nostrum
1192 1091 1318 1183 quaerit
1340 1090 1476 1174 Deus,5

396 1209 459 1278 sed
476 1208 594 1279 fidem.
631 1207 728 1279 Nam
745 1231 812 1280 nec
829 1208 1023 1291 Abraham,
1041 1231 1107 1278 nec
1125 1207 1235 1290 Isaac,
1252 1231 1320 1278 nec
1336 1207 1450 1278 Jacob

397 1325 502 1394 occisi
526 1332 619 1407 munt,
636 1333 674 1395 et
697 1333 818 1394 tamen
841 1323 924 1394 fidei
948 1347 989 1394 ao
1006 1325 1156 1416 justitiae
1179 1325 1317 1394 meritis
1339 1324 1451 1394 hono-

396 1442 463 1510 rati
480 1440 574 1510 inter
590 1440 804 1534 patriarchas
820 1440 925 1532 primi
943 1463 1020 1511 esse
1042 1447 1271 1522 meruerunt3
1300 1440 1346 1510 ad
1363 1463 1451 1532 quo-

396 1581 475 1626 rum
493 1558 695 1628 convivium
715 1565 951 1650 congregatur
967 1557 1125 1648 quisquis
1141 1554 1256 1625 fidelis
1273 1562 1311 1625 et
1327 1556 1450 1647 justus

396 1683 434 1744 et
452 1673 638 1747 laudabiIis
655 1673 843 1744 invenitur.
1463 1697 1498 1736 ιο

447 1791 538 1862 XII.
567 1791 776 1862 Meminisse
806 1787 977 1858 debemus
1010 1785 1232 1858 voluntatem
1267 1809 1340 1870 nos,
1376 1810 1449 1857 non

262 1923 277 1956 ⁸
317 1909 351 1959 vi·
395 1918 562 1991 nostram,
580 1911 642 1980 sed
667 1907 735 1978 Dei
753 1907 869 1976 fucere
892 1903 1030 1986 debere,
1049 1903 1245 1973 secundum
1268 1904 1363 1995 quod
1384 1927 1448 1976 nos

396 2023 572 2097 Dominus
597 2025 756 2118 quotidie
774 2022 882 2115 jussit
908 2041 1017 2091 orare.
1052 2018 1170 2102 Quam
1194 2027 1448 2113 praepostemm

393 2154 448 2216 est
485 2166 662 2237 quamque
693 2159 900 2234 perversum
933 2145 975 2205 ut
1009 2158 1091 2205 cum
1123 2135 1192 2206 Dei
1223 2135 1447 2208 voluntatem

393 2261 468 2332 lieri
495 2259 725 2354 postulemus,
751 2253 892 2346 quando
918 2261 1043 2324 evocat
1069 2274 1134 2323 nos
1160 2261 1199 2324 et
1227 2256 1377 2324 accersit
1402 2255 1447 2325 de
1461 2287 1471 2326 ι
1477 2287 1493 2344 5

393 2387 463 2456 hoc
495 2378 629 2451 mundo
661 2372 769 2452 Deus,
798 2394 870 2440 non
901 2372 1021 2442 statim
1052 2369 1246 2440 voluntatis
1276 2371 1352 2463 ejus
1380 2372 1448 2441 im-

394 2499 492 2594 perio
508 2487 712 2588 parcamus!
748 2485 956 2557 Obnitimur
972 2495 1010 2556 et
1030 2485 1256 2566 reluctamur,
1274 2496 1312 2556 et
1333 2487 1448 2578 pervi-

394 2616 532 2689 cacium
548 2629 647 2678 more
671 2625 852 2676 servorum
873 2603 918 2673 ud
940 2609 1170 2695 conspectum
1195 2599 1341 2672 Domini
1363 2625 1446 2672 cum

393 2731 538 2807 tristitia
563 2734 601 2797 et
626 2741 776 2792 moerore
801 2717 1036 2810 perducimur,
1060 2725 1233 2787 exeuntes
1256 2718 1361 2788 istinc
1383 2741 1446 2787 ne-

394 2846 566 2923 cessitatis
589 2837 739 2920 vinculo,
761 2858 833 2906 nou
855 2834 1023 2927 obsequio
1045 2833 1259 2916 voluntatis3
1287 2842 1325 2904 et
1346 2833 1446 2903 volu·
1456 2869 1494 2908 20

393 2989 473 3038 mus
498 2962 543 3033 ab
569 2982 612 3030 eo
641 2954 796 3049 praemiis
826 2950 1028 3022 coelestibus
1057 2949 1231 3033 honorari,
1261 2951 1307 3021 ad
1336 2973 1444 3042 quem

393 3083 554 3153 venimus
581 3073 694 3146 iuviti.
746 3069 842 3152 Quid
869 3089 954 3160 ergo
984 3087 1125 3135 oramus
1150 3073 1188 3135 et
1216 3067 1372 3158 petimus
1402 3074 1444 3135 ut

393 3198 558 3271 adveniat
580 3210 729 3284 regnum
753 3184 932 3265 coelorum,
956 3183 985 3252 si
1006 3182 1192 3275 captiuitas
1217 3191 1358 3254 terrena
1383 3183 1444 3254 de-

391 3313 525 3386 lectat?
561 3308 656 3393 Quid
686 3302 849 3397 precibus
879 3299 1083 3391 frequenter
1111 3298 1247 3368 iteratis
1277 3321 1442 3392 rogamus

391 3441 429 3503 et
454 3429 630 3524 poscImus
653 3428 695 3491 ut
718 3416 891 3489 acceleret
914 3416 989 3486 dies
1010 3417 1119 3509 regni,
1138 3417 1167 3488 si
1192 3417 1326 3509 majora
1351 3417 1491 3506 desi-25

392 3548 488 3619 deria
505 3552 543 3616 et
560 3548 644 3612 vota
665 3537 803 3631 potiora
820 3541 903 3604 suut
926 3533 1056 3603 servire
1073 3532 1153 3602 istic
1176 3531 1317 3603 diabolo
1334 3555 1440 3625 quam

391 3684 538 3759 regnare
554 3679 637 3729 cum
654 3650 820 3724 Christo?

441 3776 553 3849 XIII.
578 3773 742 3862 Denique
760 3777 801 3837 ut
824 3766 1046 3836 manifestius
1063 3765 1189 3836 divinae
1212 3768 1441 3859 providentias

391 3895 520 3966 indicia
549 3891 791 3967 clarescerent,
822 3884 917 3975 quod
948 3882 1122 3952 Dominus
1152 3884 1315 3975 praescius
1345 3883 1441 3954 futu-

390 4035 510 4082 rorum
528 4009 600 4080 suis
617 4001 779 4077 consulat
796 4001 841 4070 ad
858 4021 978 4070 veram
995 3997 1166 4069 salutem:
1195 4020 1277 4069 cum
1295 4001 1440 4090 quidam
1450 4027 1492 4085 30

392 4128 436 4198 de
454 4125 598 4218 collegis
616 4130 654 4192 et
670 4115 978 4192 consacerdotibus
1000 4115 1129 4186 nostris
1151 4115 1358 4186 infirmitate
1379 4116 1441 4186 de-

391 4243 503 4312 fessus
536 4247 574 4309 et
604 4237 648 4307 de
678 4233 980 4328 appropinquante
1007 4231 1085 4323 jam
1119 4239 1234 4300 morte
1267 4230 1440 4302 sollicitus

391 4361 630 4432 commeatum
660 4351 725 4421 sibi
756 4356 968 4444 precaretur,
996 4347 1134 4416 adstitit
1163 4347 1365 4439 deprecanti
1400 4355 1439 4416 et
