3316 5198
380 485 425 553 92
715 481 1095 547 ANNOTATIONES

383 653 520 719 Filiumi
542 650 664 732 Voluit,
680 653 818 740 inquam,
835 653 1011 732 manifeste,
1032 654 1086 718 τὸν
1105 654 1208 734 Λόγον
1229 657 1305 716 ante
1326 651 1429 717 inoar-

381 741 544 805 nationem
568 759 632 802 non
654 741 739 804 omni
765 740 926 804 filiationis
954 762 1078 826 genere,
1102 745 1139 804 ut
1167 739 1215 803 ita
1240 738 1353 814 dioam,
1374 739 1427 802 de

381 827 525 890 fundum
539 824 644 898 luisse,
661 825 725 890 sive
746 827 887 890 nondum
907 826 1003 890 fuisse
1025 825 1229 901 omnimodo,
1245 846 1308 923 quo
1328 824 1429 889 Pater

382 912 491 989 voluit,
508 909 568 974 Dei
584 909 712 976 Filium.
757 912 884 977 Soilioet
898 912 1036 977 Domino
1051 917 1162 975 nostro
1175 909 1331 995 triplicem
1346 909 1428 974 nati·

381 997 515 1062 vitatem
529 1003 564 1060 et
577 996 760 1063 filiationem
774 998 992 1064 attribuerunt
1006 1005 1138 1062 veteres.
1168 995 1279 1060 Prima
1293 1004 1352 1074 est,
1364 1017 1429 1080 qua

382 1089 418 1148 ul
434 1085 533 1165 Λόγος
547 1104 587 1146 ex
605 1089 712 1148 mente
727 1084 835 1149 Patris
857 1085 899 1150 ab
920 1090 1042 1149 aeterno
1063 1090 1158 1147 natus
1179 1081 1249 1147 luit.
1295 1082 1346 1145 Ex
1367 1082 1428 1145 heo

382 1169 552 1234 nativitate
565 1169 707 1254 perlecta
720 1169 900 1270 hypostasis
915 1170 1021 1234 divina
1035 1168 1163 1244 extitit3
1188 1189 1246 1232 neo
1265 1166 1325 1253 ipsi
1340 1166 1427 1253 quio·

383 1277 479 1340 quam
500 1261 613 1340 postea
633 1263 776 1332 aooessrt,
792 1255 849 1320 sed
870 1255 976 1340 potius
1000 1260 1124 1320 ooeteree
1150 1253 1336 1319 nativitates
1356 1279 1429 1335 ονγ-

384 1338 566 1420 κοτοβάσεις
579 1339 716 1420 fuerunt,
732 1341 797 1406 sivo
816 1341 1093 1406 oondesoensiones
1109 1340 1182 1404 Filii
1198 1339 1269 1404 Dei.
1313 1339 1429 1404 Altera

382 1425 666 1577 tltffltt‘t
675 1428 1083 1578 ttulit&
1098 1425 1429 1576 lt“⁰i2ttddtt⁰i

382 1598 498 1676 suerat,
529 1597 591 1663 κατ’
618 1535 773 1681 &alpheios
798 1598 904 1677 exivit,
931 1621 969 1663 ao
999 1535 1217 1683 tanqirameodx
1242 1605 1335 1662 utero
1360 1596 1430 1697 ejus

382 1684 511 1770 prodiit,
527 1705 623 1770 seque
637 1684 764 1749 demisit
778 1685 821 1749 ad
835 1684 1000 1750 oondenda
1014 1684 1167 1748 universa.
1200 1683 1296 1769 (Haeo
1311 1689 1361 1747 est
1375 1682 1429 1746 rlla

382 1771 524 1855 γέννησις
538 1773 639 1851 Λόγον
659 1775 843 1853 προφορικοῦ
863 1771 948 1856 apud
968 1770 1177 1855 Theophilum
1192 1769 1430 1834 Antiochenum

383 1856 437 1921 lib.
454 1855 501 1920 ΙΙ.
517 1878 550 1940 p.
568 1857 620 1921 80.
665 1856 717 1921 Sio
731 1863 765 1921 et
779 1856 803 1920 J
804 1857 887 1921 udaei
901 1856 1030 1942 quidam
1044 1863 1142 1921 aetate
1156 1855 1278 1921 Justini
1292 1854 1429 1920 affirma·

383 1942 463 2007 bant
477 1941 622 2022 ἆτμήτονς
641 1944 689 2007 καὶ
709 1943 892 2027 ἀχωρίστους
914 1948 997 2008 Θεοῦ
1019 1942 1155 2023 δυνάμεις
1168 1963 1237 2006 esse
1251 1941 1380 2028 angelos
1395 1941 1430 2007 ῦς

384 2028 498 2094 loeus
518 2029 591 2092 ὅταν
612 2030 759 2109 βούληται
779 2032 935 2112 προπηῦῦν
957 2034 1040 2093 ποιεῖ
1062 2029 1110 2092 καὶ
1132 2027 1225 2092 πάλιν
1247 2027 1430 2092 ἀναστέλλει

384 2117 458 2195 πρὸς
472 2113 588 2187 ἑαυτὸν,
604 2135 635 2198 ρ.
654 2116 727 2179 280.
754 2113 839 2178 Dial.
861 2136 935 2178 oum
956 2113 1137 2199 Tryphone.
1163 2111 1273 2196 Febr.)
1319 2111 1430 2176 'l'ertia

384 2201 511 2264 demum
533 2199 685 2263 nativitas
707 2207 777 2264 tum
795 2200 865 2279 luit,
881 2222 953 2264 oum
974 2199 1058 2264 idem
1081 2201 1211 2281 ὁΛόγος
1232 2221 1307 2263 earo
1325 2198 1430 2263 laetus

385 2293 444 2364 est,
457 2292 491 2349 et
505 2306 523 2349 e
538 2285 609 2348 sinu
620 2284 728 2351 Patris
743 2284 776 2349 in
790 2293 917 2350 uterum
931 2285 1122 2351 beatissimae
1133 2284 1275 2372 Virginis
1289 2284 1343 2348 illa
1366 2305 1428 2362 sus,

384 2371 480 2434 homo
494 2391 534 2434 ex
548 2370 617 2454 ipsa
631 2376 727 2436 natus
737 2377 787 2436 est
797 2393 855 2456 per
865 2372 1131 2436 inumbrationem
1143 2372 1280 2456 Spiritus
1292 2371 1325 2435 S.
1383 2391 1430 2434 aeo

385 2457 447 2521 suit
468 2461 520 2520 τοῦ
541 2458 643 2538 Λόγον
664 2463 809 2522 extrema
831 2458 1065 2539 ονγκοτάβοσις,
1086 2480 1106 2522 a
1127 2456 1219 2522 nobis
1240 2456 1428 2535 hominibus,

384 2543 527 2626 adeoque
541 2543 583 2608 ab
605 2541 682 2642 ipsis
703 2543 823 2629 angelis
839 2549 996 2608 aeternum
1014 2544 1187 2621 adoranda,
1204 2565 1267 2628 qua
1287 2548 1428 2628 pomata,

385 2629 543 2714 perfectus
560 2627 661 2694 Filius
676 2629 736 2693 Dei
758 2630 862 2694 faetus
883 2636 942 2710 est,
958 2631 1018 2695 hoo
1035 2638 1093 2710 est,
1109 2637 1147 2695 ut
1161 2629 1236 2708 dixi,
1253 2629 1338 2693 omni
1353 2627 1429 2692 filia—

385 2715 481 2779 tionis
502 2735 618 2800 genere
644 2714 811 2780 defunctus
832 2721 899 2780 est:
931 2716 1085 2801 siquidem
1107 2723 1231 2780 oaeteroe
1251 2714 1428 2792 filiationes,

386 2822 456 2884 quae
470 2800 642 2866 humanam
657 2801 775 2867 Christi
790 2808 939 2866 naturam
950 2810 1106 2887 spectant,
1118 2824 1157 2866 ex
1168 2802 1228 2866 hao
1240 2801 1429 2886 dependent,

384 2895 482 2970 atque
507 2908 547 2950 ex
576 2886 646 2972 ipsa
674 2894 918 2972 consequuntur.
968 2889 1009 2953 G.
1035 2889 1158 2952 Burnus
1183 2889 1307 2972 Deseris.
1331 2887 1431 2952 Fidei

385 2973 527 3036 Niooenoe
551 2996 583 3058 p.
606 2976 678 3053 164.
704 2977 749 3059 (p.
778 2991 830 3057 92.
847 2973 896 3038 ed.
920 2973 1047 3057 Grabii)
1073 2997 1094 3039 a
1124 2972 1272 3038 Fabricio
1300 2972 1428 3038 allatus.

386 3059 523 3124 Dixerat
537 3059 663 3143 quidem
679 3059 725 3124 Hi
748 3059 884 3145 polytus‚
900 3060 953 3124 τὸν
967 3063 1069 3143 Λόγον
1084 3061 1210 3125 nomine
1226 3059 1299 3124 Filii
1320 3057 1429 3144 appel·

385 3144 486 3209 latum
501 3167 569 3210 esso
584 3145 680 3209 διὰτὸ
694 3081 821 3226 μῦῦλειν
835 3145 927 3210 αὐτὸν
941 3145 1093 3228 γενέσθω,
1109 3147 1169 3211 hoo
1184 3169 1258 3211 vero
1277 3146 1346 3210 looo
1367 3167 1430 3209 non

386 3237 492 3316 negat,
511 3253 583 3295 eum
604 3238 776 3316 antequam
798 3231 981 3296 inoarnatus
1002 3233 1163 3310 existeret,
1186 3231 1313 3297 omnino
1334 3231 1430 3296 luisse

388 3317 523 3392 Filium,
547 3317 605 3381 sed
622 3317 798 3401 perfectum
813 3317 930 3381 Filium
950 3317 1045 3383 luisse
1059 3319 1146 3383 haud
1161 3316 1314 3383 oonoedit.
1360 3317 1430 3381 lmo

386 3423 483 3487 supra
496 3403 529 3465 in
544 3409 621 3467 seat.
638 3403 679 3466 xi.
695 3426 725 3489 p.
742 3407 795 3469 62.
810 3403 918 3481 habet,
934 3405 1029 3472 Οῦτος
1051 3407 1084 3468 δὲ
1107 3410 1185 3478 νοῦς,
1206 3404 1239 3472 ὃς
1259 3406 1375 3485 προβὰς
1396 3405 1431 3467 ἑν

387 3491 487 3574 κόσμῳ
503 3489 650 3553 ἐδείκνυτο
664 3496 734 3556 παῖς
749 3494 840 3554 Θεοῦ.
863 3489 1021 3554 Attamen
1035 3513 1161 3554 oeusere
1170 3490 1296 3554 videtur
1306 3489 1430 3575 Hippo-

385 3573 480 3658 lytus,
495 3575 580 3638 Filii
598 3574 843 3660 appellationem
865 3575 983 3660 partim
1008 3599 1048 3640 ex
1073 3577 1273 3661 prooessione
1297 3575 1366 3660 ejus
1388 3576 1430 3639 ad

386 3681 438 3723 res
452 3660 641 3734 tondendas,
657 3659 776 3747 partim
790 3683 830 3724 ex
845 3661 1062 3727 incarnatione
1076 3663 1144 3746 ejus
1159 3663 1334 3726 derivatam
1349 3683 1429 3726 esso.

388 3745 505 3810 Itidem
520 3746 733 3810 Tertullianus
747 3745 803 3825 ait,
819 3747 914 3811 fuisse
928 3752 994 3811 tem
1016 3770 1063 3826 us,
1076 3771 1147 3813 oum
1159 3748 1260 3812 Filius
1275 3768 1339 3811 non
1348 3748 1428 3822 suin

387 3838 532 3897 statuens
546 3839 653 3896 tomen
668 3832 773 3897 Deum
795 3855 858 3896 non
873 3838 942 3897 tum
964 3771 1065 3898 solum
1084 3834 1189 3913 luisse,
1206 3835 1262 3898 sod
1283 3833 1431 3897 habuisse

386 3917 419 3980 in
434 3919 603 4004 semetipso
618 3939 794 3984 sermonem
809 3919 849 3983 de
870 3920 1051 3985 substantia
1066 3921 1183 3986 Patris.
1224 3919 1341 3985 Confer
1355 3920 1430 3982 'l'er-

387 4004 831 4090 tuundvsHmnoyenaaoa
855 4051 862 4068 .
869 4007 1393 4091 3.etAdos.Praaeom‚oapp.4.et
1397 4023 1429 4088 5.

388 4089 522 4240 filli
533 4091 1323 4244 diuturnissimas
1348 4091 1432 4240 “si

388 4269 407 4296 ‘⁶
422 4203 493 4324 curii
508 4262 596 4326 Deus
612 4199 712 4327 PateiJ
731 4263 838 4342 voluit,
862 4285 901 4329 ex
924 4264 993 4350 ipso
1015 4265 1213 4365 prooesserit,
1230 4271 1263 4329 et
1278 4230 1335 4328 tari
1347 4201 1431 4327 iram

387 4355 406 4383 ‘⁶
422 4369 461 4410 ex
477 4355 568 4411 utero
588 4356 730 4433 paternae
752 4350 867 4415 mentis
908 4351 1048 4429 redierit,
1065 4357 1098 4416 et
1114 4351 1203 4436 quasi
1219 4357 1315 4414 natus
1371 4349 1431 4413 erit

386 4443 405 4471 “
420 4435 463 4499 ad
477 4433 658 4499 condendas
672 4436 864 4501 ereaturas.”
923 4437 966 4502 id.
979 4437 1040 4524 Op.
1052 4437 1151 4522 ejusd.
1162 4459 1193 4521 p.
1207 4451 1281 4522 235.
1290 4435 1339 4500 vel
1356 4454 1431 4518 207.
