3310 5224
416 489 458 551 40
539 485 784 550 ANNOTA'I'.
810 485 860 550 IN
887 486 1071 552 FRAGM.
1096 485 1346 551 EPISTOLAE

416 657 566 742 “quibus
594 658 702 743 potior
730 657 818 732 fides,
849 657 1061 722 consentiunt.
1128 657 1289 743 Quidquid
1317 658 1369 734 sit
1393 657 1467 722 Flo-

416 751 435 780 ⁶‘
451 743 538 807 rinus
554 743 666 808 Irenaei
689 744 866 808 rationibus
888 751 922 808 et
943 744 1140 829 argumentis
1154 744 1264 822 victus,
1280 751 1467 809 nontamen

416 837 435 867 ‘⁶
450 828 621 906 convietus,
638 851 677 894 ne
699 830 773 893 hinc
795 829 899 894 Deum
921 829 1025 914 ipsum
1049 838 1214 895 auctorem
1238 831 1313 895 mali
1336 831 1465 906 iaceret,

415 924 435 952 ‘⁶
450 914 534 984 illiue
548 937 623 982 vero
637 938 658 980 a
671 919 820 1002 μοναρχία
837 937 932 1000 quam
954 915 1109 980 haetenus
1130 923 1395 1002 propugnaverat,
1412 917 1465 980 de·

416 1011 435 1038 ‘⁶
451 1001 567 1079 ficiens,
584 1023 655 1066 eum
678 1001 822 1067 Cerdone
845 1008 878 1065 et
894 1001 1060 1066 Marcione
1082 1002 1238 1086 duplicem
1253 1003 1358 1068 Deum
1376 1002 1467 1066 iudu-

415 1095 434 1124 “
450 1095 546 1167 aeret,
562 1087 707 1165 mediam,
731 1095 768 1152 ut
788 1087 847 1151 sibi
865 1087 1041 1164 videbatur,
1065 1088 1149 1152 iuter
1170 1095 1340 1173 utrumqne
1362 1095 1467 1152 extre·

415 1182 536 1237 “mum
564 1172 727 1238 Valentini
758 1173 948 1238 sententiam
972 1173 1145 1258 amplexus,
1167 1195 1239 1238 eum
1265 1197 1303 1238 eo
1327 1173 1465 1238 insanire

415 1271 433 1296 “
449 1260 571 1337 maluit,
587 1281 682 1344 quam
697 1281 769 1324 eum
785 1258 957 1324 Catholicis
971 1281 1091 1344 sapere.
1115 1261 1221 1341 Quare
1231 1259 1372 1325 lrenreus
1384 1259 1465 1322 illius

415 1355 433 1383 ⁶⁶
450 1346 561 1410 salutis
577 1368 702 1430 semper
716 1345 876 1422 sollicitus,
889 1367 1052 1430 eumquee
1066 1367 1148 1409 novo
1163 1345 1225 1424 illo,
1238 1345 1270 1409 in
1286 1345 1370 1430 quod
1385 1365 1464 1430 prae-

415 1440 434 1469 “
450 1454 523 1516 ceps
537 1453 571 1495 se
584 1431 717 1496 dederat
726 1431 880 1495 barathro
891 1431 1059 1496 extrahere
1071 1432 1202 1496 studens
1213 1431 1340 1516 scripsit
1349 1431 1465 1494 librum

415 1527 434 1639 1:
448 1515 1464 1668 salt‘etrattenuansdilanient

415 1699 433 1726 ⁶⁶
450 1625 634 1753 Eusebiiisi”
666 1687 747 1752 Haec
764 1626 948 1751 Massurius
965 1690 997 1752 S.
1010 1689 1122 1753 Irenaei
1138 1690 1251 1766 editor,
1268 1687 1404 1752 Dissert.
1418 1687 1462 1750 II.

414 1775 676 1840 Artiaiii.nun1.
692 1776 744 1858 58.
790 1774 987 1838 Dodwellum
1010 1783 1136 1840 secutus
1158 1775 1191 1838 in
1205 1775 1336 1838 Dissert.
1354 1773 1414 1837 VI.
1430 1775 1464 1836 ia

412 1864 577 1926 Ircaoecm.

458 1948 497 2011 Ρ.
535 1965 566 2032 5.
588 1948 608 2011 l.
631 1967 680 2026 14.
707 1952 849 2028 λαμπρῶς
873 1945 1042 2026 πράττοντα
1072 1949 1104 2010 ἐν
1131 1951 1166 2032 πῄ
1195 1950 1340 2032 βασιλικῇ
1371 1943 1461 2030 αὐλῇ]

414 1967 548 2098 Diffioiie
568 2033 710 2098 iudicatu
733 2054 847 2096 nomen
866 2039 915 2096 est
931 2031 1140 2117 imperatoris,
1157 2053 1220 2116 quo
1234 2037 1389 2116 regnante
1403 2030 1463 2094 hoo

413 2119 533 2184 factum
548 2119 599 2195 sit,
616 2142 671 2182 seu
687 2118 873 2182 Hadrianus
891 2118 997 2196 fuerit,
1014 2139 1085 2182 cum
1101 2117 1164 2195 ille,
1178 2125 1262 2182 teste
1285 2116 1462 2201 Xiphiline,

413 2205 445 2268 in
461 2205 573 2268 Dionis
587 2205 726 2289 Epitcme
740 2227 771 2288 p.
791 2205 865 2283 246.
881 2204 932 2268 ed.
947 2205 1058 2289 Steph.
1074 2202 1196 2287 imperii
1219 2204 1267 2267 sui
1307 2201 1463 2266 revincias

413 2298 511 2374 atque
537 2291 631 2353 urbes
656 2290 839 2373 frequenter
868 2289 1025 2364 inviseret,
1053 2289 1117 2353 sive
1143 2289 1179 2366 is,
1211 2290 1264 2374 qui
1330 2288 1462 2352 adriano

414 2375 574 2451 suecessit,
592 2376 774 2441 Antoninus
791 2375 877 2451 Pius,
890 2384 928 2439 ut
940 2376 1124 2440 Massuetus
1139 2382 1253 2439 contra
1266 2373 1462 2438 Dodwellum

414 2463 550 2548 probare
570 2468 703 2525 conatus
726 2469 784 2538 est,
810 2461 945 2526 Dissert.
965 2483 1023 2526 sua
1045 2460 1090 2524 ΙΙ.
1113 2461 1216 2525 Artio.
1239 2461 1259 2524 i.
1283 2481 1367 2524 nunu
1388 2481 1413 2525 1.
1432 2479 1461 2524 2.

414 2549 494 2612 Oum
517 2569 591 2611 vero
613 2555 724 2612 notum
747 2547 797 2624 sit,
823 2546 904 2632 Imp.
928 2547 1022 2610 Pium
1045 2569 1084 2610 ex
1108 2547 1205 2611 Italia
1226 2567 1388 2634 nunquam
1410 2567 1463 2609 ex-

413 2634 496 2710 iisse,
515 2633 698 2698 Massuetus
722 2633 783 2698 hoc
805 2632 918 2697 Ireuaei
942 2633 1011 2697 loco
1034 2633 1066 2696 id
1088 2639 1215 2696 tantum
1237 2633 1305 2697 vult
1327 2631 1461 2709 ostendi,

416 2719 581 2784 Florinum
600 2719 736 2784 aulicum
757 2719 936 2803 qnempiam
958 2718 1063 2795 fuisse,
1081 2719 1134 2802 qui
1156 2740 1280 2783 summa
1301 2717 1387 2803 apud
1403 2717 1461 2781 im-

414 2813 593 2890 peratorem
604 2805 872 2892 gratiavaluerit;
891 2827 947 2869 nec
963 2804 1135 2889 quidquam
1150 2804 1286 2889 amplius
1300 2811 1407 2868 censet
1422 2825 1461 2866 ex

414 2915 452 2955 eo
474 2890 691 2977 colligendum.
738 2891 837 2954 Haud
859 2891 1025 2966 assentior,
1043 2911 1114 2954 eum
1136 2890 1204 2954 aiat
1221 2889 1369 2966 Irenaeus,
1386 2911 1407 2952 a
1428 2910 1461 2952 se

413 2987 490 3041 tunc
505 2979 657 3062 temporis
678 2978 764 3061 apud
780 2976 893 3040 Asiam
915 2983 1030 3061 agente
1045 2975 1145 3040 visum
1160 2998 1229 3040 esse
1246 2975 1409 3040 Florinum
1427 2974 1461 3037 in

413 3063 613 3148 imperatoris
628 3064 702 3128 aula
717 3063 878 3148 splendide
894 3063 1059 3126 viventem.
1084 3062 1186 3125 Porro
1201 3062 1280 3126 satis
1294 3062 1374 3125 bene
1390 3082 1461 3124 con·

413 3150 499 3215 venit
514 3172 586 3214 cum
601 3149 703 3235 primo
720 3148 832 3213 Irenaei
847 3156 1000 3233 tempore,
1017 3154 1052 3228 τῇ
1068 3148 1168 3234 πρώτῃ
1183 3150 1290 3232 ἡλικίᾳ,
1301 3148 1378 3210 dum
1392 3153 1461 3213 ruis

413 3244 484 3301 erat
498 3237 585 3320 apud
599 3236 747 3311 Asianos,
764 3256 865 3298 annus
887 3234 939 3298 ille
954 3233 1072 3299 Christi
1092 3250 1163 3315 127.
1181 3256 1244 3318 quo
1259 3233 1460 3297 Hadrianum

413 3344 470 3405 per
485 3323 632 3386 Athenas
646 3329 679 3386 et
695 3321 807 3384 Asiam
822 3320 946 3405 Syriam
961 3341 1070 3383 versus
1092 3319 1153 3383 iter
1175 3320 1293 3396 secisse,
1310 3341 1349 3382 ex
1365 3317 1459 3402 Spar-

413 3409 502 3472 tiano
523 3416 620 3492 atque
642 3407 778 3471 nummis
800 3406 946 3492 probavit
963 3406 1080 3490 Pagina
1099 3406 1174 3469 Orit.
1195 3406 1229 3469 io
1243 3404 1381 3468 Aureolos
1395 3404 1459 3467 Bo·

413 3495 504 3570 rarii,
520 3496 563 3558 ad
577 3515 678 3557 annos
697 3512 765 3574 127.
782 3501 815 3556 et
837 3493 903 3556 128.
922 3491 981 3555 vol.
999 3490 1024 3553 l.
1042 3514 1074 3575 p.
1094 3507 1163 3575 125.
1209 3491 1270 3555 Est
1285 3511 1359 3554 vero
1381 3511 1460 3574 opus

414 3578 489 3643 illud
511 3581 549 3644 de
571 3577 753 3655 Hecresidcs,
777 3578 829 3642 ubi
853 3579 892 3641 de
916 3577 1092 3661 I’olycarpo
1116 3576 1257 3641 lrenoeus
1279 3577 1397 3652 scribit,
1423 3575 1460 3638 ὃν

414 3666 462 3728 καὶ
476 3667 558 3746 ἡμεῖς
574 3663 742 3747 ἑωράκαμεν
757 3667 790 3727 ἐν
805 3669 840 3743 τῇ
856 3665 954 3746 πρώτῃ
969 3665 1050 3744 ἡμῶν
1064 3665 1172 3747 ἡλικίᾳ.
1188 3661 1242 3727 lib.
1261 3661 1324 3724 Ill.
1342 3683 1410 3746 cap.
1425 3679 1457 3744 3.

418 3753 466 3814 16.
514 3752 562 3816 lbi
587 3751 714 3836 quidem
740 3749 840 3814 tradit
863 3750 910 3813 vir
931 3758 1068 3823 sanctus,
1092 3748 1170 3812 πάνυ
1192 3748 1342 3830 γηραλέον
1363 3747 1460 3810 fuisse

415 3836 634 3923 Polycarpum,
647 3859 718 3900 eum
731 3836 784 3920 qui
799 3845 850 3900 tot
865 3857 965 3899 annos
980 3843 1052 3920 post
1064 3857 1176 3919 passus
1188 3841 1246 3912 est,
1260 3834 1315 3898 sed
1331 3854 1394 3896 non
1406 3831 1458 3895 illo

413 3920 1129 4073 ilt‘tti‘dt‘il0‘ttl‘tt‘’llll‘
1143 3922 1460 4070 ltltitdttt

414 4061 546 4174 Frorito‚
558 4118 615 4180 per
625 4030 782 4180 Angelum
794 4094 917 4158 Maium
928 4115 1028 4178 nuper
1038 4092 1203 4168 redivivus,
1215 4091 1295 4155 orbis
1305 4101 1460 4162 marrim

411 4203 470 4244 πον
481 4182 604 4266 παρανοῶν
618 4191 744 4258 tantiam,
760 4181 813 4245 red
825 4182 917 4245 ctiam
925 4177 1165 4264 perambulasti
1181 4177 1365 4262 dilipeolem.
1410 4176 1458 4239 De

412 4267 519 4331 Feriis
531 4266 729 4336 Atriam-ibus.
746 4289 813 4352 cup.
830 4287 860 4351 3.
876 4289 907 4350 p.
926 4267 992 4350 138.
1010 4265 1059 4329 ed.
1076 4264 1212 4328 Berolin.

457 4353 494 4416 P.
513 4355 563 4436 36.
580 4353 601 4415 l.
624 4374 668 4417 ιο.
691 4359 750 4416 πῶν
774 4355 926 4416 αὐτοπτῶν
952 4356 1003 4429 τῆς
1026 4353 1097 4429 ζωῆς
1120 4355 1173 4414 τοῦ
1195 4351 1303 4432 λόγου]
1335 4348 1457 4412 lrenaeo

411 4422 543 4504 venitin
558 4445 696 4503 mentem
712 4437 792 4503 initii
807 4438 948 4523 cpistolae
963 4436 1073 4521 primre
1090 4437 1122 4500 S.
1138 4435 1161 4500 J
1164 4435 1283 4500 oannis.
