3294 5192
341 518 525 582 NICAENI
553 517 769 582 CONCILII
795 519 1129 583 UNIVERSALIS.
1196 521 1260 586 373

210 687 332 796 κλήρῳ
351 687 418 769 ε’ίτε
436 695 508 768 τῶν
526 693 563 770 ἐν
581 695 695 797 λαίκῲ
713 688 870 792 τάγματι
895 689 963 771 ὑπὸ
982 698 1054 771 τῶν
1072 697 1150 772 καθ
1171 691 1255 772 ἐκά-

209 849 303 915 σιην
324 819 497 921 ἐπαρχίαν
521 814 739 915 ἐπισκόπων,
765 821 934 922 κρατείτω
962 820 984 918 ἡ
1013 819 1139 920 γνώμη
1165 819 1256 899 κατὰ

207 941 272 1022 τὸν
289 942 421 1022 κανόνα
448 941 512 1023 τὸν
539 943 800 1047 διαγορεύοντα,
824 943 906 1028 τοὺς
934 947 993 1050 ὑφ’
1013 945 1143 1049 ἐτέρων
1159 948 1253 1027 άπο·

206 1068 418 1167 βληθέντας,
448 1071 507 1174 ὑφ’
532 1069 661 1173 ἐτέρων
691 1069 743 1169 μὴ
774 1073 1003 1174 προσίεσθαι.
1036 1070 1254 1178 ἐξεταζέσθω

179 1194 254 1293 5δέ,
269 1194 320 1295 μὴ
338 1198 561 1303 μικροψυχίᾳ
582 1195 605 1298 ἢ
633 1198 840 1303 φιλονεικίᾳ,
859 1197 969 1297 ἤτινι
986 1198 1131 1302 τοιαύτῃ
1149 1200 1254 1306 ἀηδίᾳ

204 1332 268 1403 τοῦ
298 1323 495 1404 ἐπισκόπου
524 1323 804 1426 ἀποσυνάγωγοι
836 1324 1052 1426 γεγένηνται.
1102 1326 1160 1404 ἵνα
1191 1327 1253 1405 οὖν

204 1459 309 1530 τοῦτο
344 1449 411 1551 τὴν
446 1449 658 1556 πρέπουσαν
694 1451 858 1558 ἐξέτασιν
903 1451 1087 1559 λαμβάνῃ,
1133 1459 1253 1537 καλῶς

203 1578 295 1683 ἐχειν
327 1579 448 1686 ἔδοξεν
475 1577 629 1659 ἑκάστου
657 1582 815 1660 ἐνιαυτοῦ
848 1581 925 1660 καθ’
955 1578 1112 1680 ἑκάστην
1137 1582 1249 1682 ἐπαρ-

202 1707 286 1810 χίαν
303 1709 356 1789 δὶς
373 1713 437 1785 τοῦ
454 1706 552 1790 ἐτους
571 1706 743 1790 συνόδους
761 1708 937 1808 γίνεσθαι.
968 1709 1027 1786 ἵνα
1044 1713 1143 1811 κοινῇ
1159 1705 1251 1787 πόν-

159 1876 193 1914 ιο
201 1866 275 1911 των
292 1838 364 1911 τῶν
383 1831 589 1913 ἐπισκόπων
606 1836 670 1933 τῆς
692 1834 864 1937 ἐπαρχίας
891 1837 949 1914 ἐπὶ
967 1831 1008 1914 τό
1027 1832 1113 1913 αὐτὸ
1132 1867 1246 1914 συνα-

200 1958 362 2059 γομένων
378 1955 425 2039 τό
442 1968 587 2039 τοιαῦτα
605 1959 789 2063 ζητήματα
811 1949 1019 2067 ἐξετάζοιτο·
1052 1964 1110 2041 καὶ
1137 1962 1249 2044 οὕτως

198 2091 232 2164 oi
244 2085 538 2186 ὁμολογουμένως
550 2085 875 2190 προσκεκρουκότες
888 2093 939 2193 τῷ
953 2087 1139 2192 ἐπισκόπῳ
1157 2085 1249 2164 κατὰ

199 2209 313 2313 λόγον
331 2209 559 2313 ἀκοινώνιγτοι
585 2212 685 2316 παρὰ
711 2220 826 2294 πᾶσιν
844 2209 931 2292 εἶναι
959 2211 1105 2319 δόξωσι,
1123 2213 1248 2316 με’χρις

198 2337 243 2417 όν
260 2346 312 2446 τῷ
339 2347 445 2447 κοινῷ
471 2346 544 2420 τῶν
562 2339 769 2420 ἐπισκόπων
794 2339 883 2447 δόξῃ
901 2339 967 2441 τὴν
985 2347 1245 2446 φιλανθρωπο·

153 2466 303 2569 ι5τέραν
335 2467 423 2570 ὑπὲρ
452 2468 569 2546 αὐτῶν
597 2467 763 2548 ἐκθέσθαι
792 2471 934 2575 ψῆφον
965 2473 1002 2547 αἱ
1035 2465 1072 2546 δέ
1100 2466 1247 2546 σύνοδοι

197 2591 437 2692 γινέσθωσαν,
462 2595 528 2693 μία
558 2593 624 2693 μὲν
655 2593 727 2697 πρὸ
757 2599 820 2694 τῆς
848 2599 1157 2697 τεσσαρακοστῆς,
1188 2595 1247 2674 ἵνα

195 2717 319 2818 πόσης
345 2722 586 2826 μικροψυχίας
609 2723 872 2824 ἀναιρουμένης,
890 2721 933 2802 τὸ
955 2725 1070 2825 δῶρον
1087 2719 1245 2825 καθαρὸν

180 2845 446 2950 ,προσφέρηται
474 2853 525 2954 τῷ
562 2853 657 2955 θεῷ·
708 2849 852 2950 δευτέρα
889 2847 926 2928 δὲ
962 2853 1044 2952 περὶ
1080 2847 1143 2928 τὸν
1180 2857 1243 2930 τοῦ

193 2971 403 3076 μετοπώρου
420 2971 552 3076 καιρόν.

216 3271 356 3339 rivantur,
372 3290 423 3328 acu
437 3289 473 3328 ex
492 3270 578 3338 clero,
593 3289 644 3328 scu
659 3290 696 3328 ex
737 3271 919 3349 congregatis
939 3269 1105 3349 provinciae,
1120 3269 1239 3328 discuti-

193 3291 267 3408 ssico
287 3349 398 3418 ordine,
420 3351 457 3409 ab
479 3351 623 3430 episcopia
645 3371 695 3430 per
737 3363 824 3410 antur
855 3351 1022 3426 hujusmodi
1057 3351 1242 3427 quaestiones.

194 3449 426 3507 unamquamque
496 3431 671 3509 provinciam
686 3453 693 3498 ;
737 3431 779 3490 Et
793 3433 834 3490 sic
848 3432 898 3509 qui
913 3451 966 3490 suo
977 3442 1168 3509 peccaverunt
1179 3431 1241 3488 evi.

193 3509 633 3588 sententiaregularisobtincat.
655 3511 696 3569 Ut
737 3511 840 3570 denter
868 3512 1013 3590 episcopo,
1042 3511 1241 3568 excommuui.

192 3589 233 3659 hi,
248 3591 297 3667 qui
313 3591 499 3667 abjiciuntur,
511 3592 547 3648 ab
559 3589 623 3648 aliis
637 3612 695 3649 non
737 3593 792 3650 cati
815 3591 1025 3650 rationabiliter
1046 3592 1082 3649 ub
1106 3591 1241 3648 omnibus

192 3671 378 3748 recipiantur.
401 3671 694 3748 Requiraturautem‚
736 3673 928 3730 estimentur:
952 3691 1044 3747 usque
1065 3690 1132 3748 quo,
1149 3671 1196 3728 vel
1209 3671 1240 3727 iu

192 3771 229 3808 ne
250 3750 490 3828 pusillanimitate
508 3763 559 3808 aut
574 3763 693 3809 conten·
735 3753 881 3810 communi
905 3751 952 3809 vel
971 3753 1107 3830 episcopo
1128 3748 1240 3828 placcat

191 3830 271 3888 tione
286 3830 331 3888 vel
346 3831 404 3889 elio
422 3831 553 3908 quolibet
566 3832 694 3910 episcopi
735 3833 934 3890 humaniorem
960 3851 1013 3910 pro
1034 3831 1141 3888 talibus
1163 3831 1240 3888 ferre

191 3911 263 3967 vitio
281 3910 413 3969 videatur
434 3931 450 3968 a
471 3911 694 3988 congregatione
735 3913 919 3970 sententiam.
963 3911 1092 3968 Concilio
1107 3929 1175 3968 vero
1192 3931 1238 3969 ce-

190 3991 329 4049 aecluaua.
374 3991 416 4049 Ut
430 3991 484 4048 hoc
505 4011 574 4068 ergo
588 3991 692 4048 decen·
735 3991 894 4058 lebrentur,
909 4011 1000 4049 uuum
1022 3989 1150 4068 quidem,
1170 4001 1239 4048 ante

190 4071 250 4128 tina
273 4071 447 4147 inquiratur,
476 4071 550 4129 bene
573 4069 691 4148 placuit,
734 4072 980 4149 quadragesimam
993 4071 1115 4148 paschae:
1133 4083 1166 4128 ut
1177 4091 1237 4128 om·

189 4151 272 4208 annia
286 4151 408 4228 singulis
429 4171 481 4230 per
502 4169 692 4227 unamqunm.
733 4151 763 4208 in
785 4151 964 4209 dissensione
991 4149 1105 4208 sublata
1131 4170 1238 4209 munuc

189 4251 246 4307 que
295 4231 451 4289 rovincium
479 4231 524 4289 bia
552 4231 582 4288 in
615 4249 691 4288 anno
733 4231 871 4289 offeratur
886 4232 952 4289 Deo
966 4229 1161 4309 purissimum.
1184 4229 1238 4288 Se.

189 4251 310 4368 concilia
331 4311 487 4369 celebrari:
512 4321 545 4368 ut
562 4330 690 4369 commu·
733 4311 860 4369 cundum
896 4331 973 4377 vero,
1010 4309 1085 4368 circe
1122 4323 1237 4390 tempus

189 4389 265 4449 niter
286 4392 420 4448 omnibus
441 4391 528 4450 aimul
549 4391 692 4470 episcopia
733 4392 876 4449 autumni.
