3314 5190
324 453 376 517 IN
400 451 588 527 FIRMIL.
612 451 680 516 Au
703 452 736 516 S.
760 451 988 518 CYPRIAN.
1012 452 1166 521 EPIST.
1204 449 1271 522 268

226 760 232 767 »
265 796 303 860 P.
311 815 328 860 2
330 757 384 880 5o.
396 795 417 859 l.
428 797 458 860 8.
474 730 764 882 paeplbochristim]
776 731 946 860 imitatulb
956 801 1006 859 est
1017 731 1104 860 isllbd
1115 817 1155 859 ex
1165 759 1271 946 oppite

220 881 387 946 undeoimo
411 881 565 967 Epistolae
590 880 743 946 Seoundae
767 880 860 946 Pauli
881 880 925 945 ad
946 879 1139 946 Corinthios.
1220 882 1271 947 ino

219 975 321 1052 patet,
351 967 455 1052 iuquit
481 967 651 1044 Pamelius,
681 966 913 1031 vehementiam
942 965 1085 1052 epistole
1114 967 1271 1052 Stephani

219 1052 1271 1224 tumltuttttlltmtttttffltttffi

217 1224 305 1288 uliud
327 1246 431 1290 oansae
453 1225 588 1300 exstitit,
604 1245 661 1288 our
682 1222 896 1301 Firmilianua,
918 1223 972 1308 qui
989 1224 1022 1288 iu
1042 1231 1114 1290 tota
1132 1224 1271 1310 epistola

218 1331 376 1374 summum
387 1331 529 1374 amorem
539 1309 673 1376 unitatis
682 1309 835 1382 declarat,
848 1309 892 1374 aio
902 1316 1011 1374 tamen
1026 1309 1060 1373 in
1071 1310 1269 1396 Stephanum

217 1395 394 1472 invehatur,
405 1403 525 1460 uteum
534 1393 760 1480 disputationis
769 1402 851 1459 aestu
862 1395 1137 1479 obreptumfuisse
1147 1403 1269 1481 pateat.

218 1481 305 1546 Nihil
326 1481 428 1546 lenius
446 1504 484 1546 ao
504 1479 690 1567 placabilius
710 1480 879 1566 cypriano,
895 1481 1025 1566 ejusque
1042 1481 1140 1546 animi
1159 1481 1267 1547 mode-

216 1567 301 1631 ratio
323 1589 395 1631 oum
416 1567 449 1630 in
470 1567 617 1631 omnibus
636 1566 707 1630 aliis
728 1567 832 1644 robus,
848 1573 918 1631 tum
939 1566 1077 1632 maxime
1099 1568 1131 1632 in
1153 1568 1214 1632 hae
1229 1569 1269 1632 de

216 1653 376 1738 baptismo
390 1653 607 1717 controversie
626 1651 761 1726 enituit;
786 1652 842 1717 sed
861 1659 971 1716 tumen
985 1675 1058 1716 eum
1072 1652 1233 1718 interdum
1247 1675 1269 1720 a

216 1759 341 1802 summa
358 1738 412 1803 illa
430 1737 562 1803 lenitate
581 1738 624 1802 ad
644 1738 910 1802 vehementiorem
932 1759 1035 1802 oauaae
1054 1739 1268 1804 defensionem

215 1824 379 1888 transiisse
400 1823 591 1909 perspicitur
609 1845 649 1888 ex
668 1822 804 1922 epistola
822 1824 865 1888 ad
885 1823 1083 1909 Pompeium.
1129 1823 1269 1890 Videtur

215 1918 324 1975 autem
339 1911 365 1975 (l
408 1910 533 1974 rianum
548 1917 581 1974 et
597 1907 818 1972 Firmilianum
832 1908 909 1973 illud
921 1909 955 1974 in
969 1909 1079 1995 primis
1090 1910 1266 1990 offendisse,

215 1995 300 2080 quod
311 1995 391 2080 Step
413 1994 850 2080 anusputaretabstinendos
860 1994 1104 2080 rebaptizantes.
1128 1995 1268 2081 Propter

215 2082 283 2146 haeo
297 2089 406 2147 antem
420 2082 527 2158 verba,
543 2102 614 2165 quae
629 2085 723 2164 putat
738 2100 802 2143 non
812 2101 881 2144 ease
893 2080 950 2145 Sto
972 2080 1057 2159 bani,
1069 2081 1217 2148 dubitare
1232 2104 1267 2148 se

214 2169 262 2232 ait
276 2166 476 2232 Christianus
492 2165 601 2251 Lupus
616 2165 649 2228 in
666 2165 793 2230 soholiis
812 2165 877 2230 suis
890 2166 934 2231 ad
947 2103 1062 2231 librum
1078 2167 1266 2233 Tertulliani

214 2253 255 2317 de
270 2253 568 2338 Proesoriptionibus
586 2251 738 2316 adversus
757 2250 924 2316 baerotioos
942 2273 1018 2317 ane
1041 2252 1136 2318 istola
1151 2253 1266 2317 Firmi-

214 2338 289 2404 liani
304 2339 348 2404 sit
362 2360 446 2402 vera.
491 2338 612 2402 Tamen
627 2358 720 2401 nemo
738 2337 893 2402 haetenus
911 2345 989 2404 ante
1010 2274 1136 2424 Ilupum
1155 2338 1187 2404 id
1206 2339 1265 2404 sibi

125 2427 132 2438 '
214 2424 336 2502 sumsit,
349 2432 386 2488 ut
397 2425 501 2489 dicere
511 2424 645 2488 auderet
657 2444 728 2486 eam
742 2445 812 2488 esee
825 2422 939 2488 falsam
953 2431 1011 2488 aut
1022 2425 1063 2489 de
1074 2425 1143 2525 ejus
1156 2432 1265 2490 auoto-

213 2510 311 2575 ritnte
326 2509 498 2575 dubitaret.
542 2509 587 2573 Et
601 2515 688 2572 uerte
703 2509 767 2574 ista
780 2508 918 2574 iaoilitas
930 2510 1100 2575 aoousand1
1114 2510 1266 2576 falsitatis

213 2597 333 2696 seripta
348 2603 490 2695 ueterum
505 2595 602 2696 valde·
610 2594 782 2694 temeraria
796 2603 846 2696 est
860 2603 895 2660 et
908 2595 1093 2698 periculosa.
1139 2597 1222 2661 Nam
1237 2597 1265 2698 si

212 2680 1265 2854 ttlttitmttfflttttttttt‘ttltlntttmgd

213 2853 332 2918 Bsuuz.
364 2851 417 2918 Ita
431 2851 588 2916 Baluzius.
624 2851 722 2916 Haud
738 2851 860 2917 interea
874 2852 950 2916 mihi
966 2853 1050 2918 visus
1065 2862 1115 2918 est
1129 2853 1263 2918 voluisse

213 2939 272 3003 hoo
287 2939 424 3003 seribere
439 2937 639 3002 Christianus
655 2936 773 3022 Lupus,
791 2936 966 3002 Firmiliani
982 2938 1117 3024 epistola
1136 2960 1179 3003 an
1192 2961 1262 3025 ger-

212 3045 308 3088 mane
322 3024 374 3102 sit,
390 3045 424 3089 se
444 3023 610 3098 dubitare;
634 3023 675 3087 de
693 3022 959 3108 appellationibus
978 3030 1087 3089 autem
1101 3025 1262 3108 probrosis

212 3109 371 3195 (lypriano
392 3131 413 3173 a
435 3109 599 3194 Stephano
617 3107 793 3183 attributis,
814 3129 857 3172 au
878 3109 928 3173 hae
943 3109 985 3173 ab
1004 3131 1043 3174 eo
1059 3131 1171 3174 revera
1212 3131 1261 3173 ro-

211 3194 432 3295 lataeusuerint,
448 3217 483 3258 se
502 3193 662 3293 baesitnre,
692 3192 768 3257 Vid.
784 3193 907 3293 &blica
925 3195 993 3294 ejus
1012 3195 1059 3295 ad
1075 3194 1153 3295 'lert
1199 3195 1262 3259 'ani

212 3280 560 3452 ttetttttntt
572 3278 1262 3452 ttutt‘ltttltlttsstbttltnt

212 3452 251 3517 de
266 3452 489 3517 baeretioorum
502 3451 545 3515 ba
567 3451 664 3515 tiemo
685 3451 852 3515 sententiae
872 3459 986 3528 stator,
1003 3451 1056 3536 qui
1071 3459 1121 3516 est
1135 3454 1262 3517 Auetor

212 3539 260 3602 Da
275 3537 506 3623 &baptismam
578 3536 631 3600 fin.
648 3559 699 3622 op.
716 3536 748 3600 S.
759 3535 916 3621 Cypriani
963 3537 1116 3604 conseras
1135 3559 1206 3623 quae
1220 3538 1261 3602 de

213 3622 392 3688 Firmiliani
407 3622 543 3708 epistole
557 3645 655 3708 supra
669 3629 875 3687 annotantur.

256 3709 337 3772 lbid.
359 3708 381 3772 l.
394 3729 444 3773 10.
463 3707 542 3790 Quae
562 3709 683 3793 omnia]
702 3707 756 3773 Ite
778 3707 946 3793 legendnm
964 3708 1039 3773 olim
1055 3708 1141 3786 duxi,
1160 3708 1261 3794 prius-

211 3816 308 3879 quam
322 3794 368 3858 sio
379 3815 413 3858 ae
423 3794 542 3858 habero
553 3793 710 3858 novissem
724 3793 896 3858 editionem
911 3795 1093 3895 prinoipem,
1106 3793 1261 3878 siquidem

253 3888 323 3946 stea
333 3878 494 3944 Pamelius
502 3881 557 3965 qui
565 3901 624 3965 pro
632 3901 700 3965 qum
709 3901 749 3943 ex
759 3879 858 3944 MSto
867 3903 924 3945 suo
935 3881 1046 3957 edidit,
1057 3879 1136 3957 aliis,
1147 3880 1260 3958 fateor,

232 3965 298 4030 bris
319 3965 446 4051 seriptis
468 3965 748 4030 eonsentientibus.
792 3964 855 4029 Sed
874 3966 1011 4030 sonasse
1031 3966 1143 4031 Graeoe
1164 3965 1261 4050 sorip-

210 4059 298 4117 serat
310 4051 514 4116 Firmilianus
529 4048 549 4114 d
564 4052 600 4130 δὴ
614 4050 721 4128 πάντα,
738 4050 786 4114 vel
801 4051 870 4115 τάδε
886 4054 918 4115 δὲ
933 4049 1042 4116 πάντα.

255 4135 337 4202 ibid.
348 4136 369 4201 l.
385 4156 434 4222 13.
445 4135 592 4200 omnibus
603 4135 708 4220 uobis]
724 4135 804 4202 Hoeo
815 4135 892 4200 mihi
903 4136 1052 4202 videntur
1061 4157 1129 4201 esse
1140 4134 1260 4200 luxata

210 4222 294 4305 Quid
316 4224 343 4287 si
362 4223 489 4308 legatur
505 4223 661 4286 mrirsimo
673 4221 791 4306 freter,
807 4243 915 4287 errore
935 4221 1094 4307 irrepente
1114 4243 1154 4286 ex
1174 4221 1262 4307 igno-

208 4308 654 4460 sinemurus
659 4306 1262 4478 engeltruden&
