3314 5190
523 1209 573 1305 S.
609 1203 921 1308 CAECILII
955 1200 1300 1303 CYPRIAN
1308 1199 1335 1296 1

875 1441 978 1484 LIBER

583 1607 670 1691 DE
703 1603 870 1690 ZELO
899 1603 983 1688 ET
1012 1600 1267 1686 LIVORE.

820 1843 1046 1878 ...4-

405 2049 434 2119 I.
453 2042 695 2194 ZELARE
719 2045 814 2137 quod
839 2044 973 2117 bonum
994 2044 1174 2114 videsset
1198 2040 1356 2111 invidere
1376 2061 1454 2110 me-

535 2162 680 2233 lioribus
693 2162 772 2232 leve
784 2161 878 2253 apud
892 2160 1062 2252 quosdam
1076 2167 1114 2228 et
1126 2157 1307 2227 modicum
1319 2156 1454 2226 crimen
1466 2179 1483 2240 5

404 2277 554 2361 videtur,
572 2278 697 2349 fratres
714 2277 948 2360 dileetissimi;
970 2277 1126 2367 dumque
1139 2274 1364 2344 existimetur
1375 2270 1456 2342 leve

405 2413 482 2462 esse
509 2402 547 2463 et
573 2394 763 2476 modicum,
794 2417 865 2463 non
893 2394 1064 2475 timebun
1094 2391 1180 2463 dum
1210 2411 1280 2460 non
1306 2389 1456 2458 timetur

405 2507 664 2592 contemnitur3
701 2509 786 2578 dum
807 2509 1056 2589 contemnitur,
1081 2528 1154 2576 non
1180 2504 1283 2575 fenile
1311 2506 1454 2584 vitetur,

404 2631 442 2694 et
469 2623 511 2693 fit
537 2646 635 2694 eoeoe
664 2631 702 2693 et
728 2622 869 2695 occulte
895 2624 1086 2715 pernicies:
1121 2644 1198 2714 quse
1226 2621 1312 2690 dum
1337 2621 1455 2690 minus

404 2740 614 2832 perspicitur
636 2746 678 2810 ut
701 2741 817 2810 caveri
842 2763 864 2810 e
888 2738 1155 2833 providentibus
1180 2737 1300 2831 possit,
1326 2736 1505 2828 impro-ro

405 2855 503 2925 vides
527 2863 666 2926 mentes
689 2855 842 2927 latenter
866 2855 1001 2950 affligit.
1053 2854 1163 2925 Porro
1186 2861 1307 2924 eutem
1332 2851 1456 2922 Domi-

405 2994 472 3042 nus
494 2973 686 3064 prudentes
710 2996 787 3044 esse
812 2996 876 3043 nos
894 2973 1012 3066 jussit,
1030 2978 1069 3042 et
1091 2979 1196 3042 ceute
1218 2969 1455 3042 sollieitudine

406 3088 551 3182 vigilare
578 3090 748 3182 praeoepit
771 3111 817 3158 ne
840 3088 1058 3159 sdversarius
1081 3085 1230 3182 vigilans
1255 3107 1395 3178 semper
1417 3091 1456 3156 et

406 3226 545 3297 semper
570 3206 747 3287 insidiens,
771 3206 833 3275 ubi
854 3206 892 3274 in
915 3211 1040 3298 peetus
1066 3203 1270 3296 obrepserit,
1295 3204 1340 3273 de
1365 3202 1458 3272 sein-

406 3319 492 3390 tillis
511 3318 643 3390 conflet
660 3320 832 3405 incendis,
855 3321 901 3391 de
925 3321 1040 3412 parvis
1063 3320 1221 3390 maximo
1243 3326 1455 3412 exaggerem
1468 3341 1504 3402 15

407 3443 446 3505 et
479 3436 564 3506 durn
594 3437 746 3507 remissis
775 3445 814 3508 et
842 3437 993 3507 incautis
1023 3434 1156 3506 leniore
1186 3457 1272 3506 aura
1299 3441 1338 3505 et
1368 3433 1457 3503 flatu

407 3550 567 3622 molliore
589 3551 780 3636 blanditur,
803 3551 967 3645 procellis
991 3575 1033 3623 ee
1056 3551 1256 3623 turbinibus
1281 3551 1457 3632 excitetis,

407 3667 524 3738 ruinas
549 3667 632 3738 fidei
662 3676 701 3740 et
729 3667 852 3740 salutis
881 3690 923 3739 ee
952 3667 1038 3740 vitae
1067 3667 1250 3762 naufragis
1278 3665 1457 3738 moliatur.

408 3782 669 3854 Exeubendum
694 3792 749 3854 est
774 3786 904 3877 itaque,
935 3785 1060 3856 fratres
1089 3784 1318 3867 dilectissimi,
1348 3793 1459 3876 etque

408 3899 571 3970 omnibus
607 3899 738 3970 viribus
767 3900 1020 3972 elaborandum
1049 3909 1091 3972 ut
1120 3903 1263 3972 inimico
1288 3901 1458 3984 servienti,
1471 3927 1510 3969 πο

408 4023 446 4085 et
456 4014 577 4108 J'eeule
594 4038 657 4086 sus
672 4017 710 4086 in
728 4039 850 4088 omnes
867 4019 1020 4111 eorporis
1037 4027 1155 4110 partes
1172 4019 1300 4111 quibus
1319 4017 1459 4111 percuti

409 4141 447 4203 et
477 4133 651 4204 vulnerari
680 4156 866 4226 possumus
896 4135 1071 4228 dirigenti,
1102 4134 1253 4205 sollieite
1286 4141 1324 4206 et
1352 4133 1461 4228 plene

410 4247 592 4341 vigilantio
616 4273 862 4344 repugnemus,
886 4251 1080 4321 seeundum
1103 4251 1198 4343 qued
1225 4248 1353 4320 Petrus
1375 4272 1462 4342 upo-

410 4362 521 4434 stolus
546 4367 583 4434 in
609 4365 759 4457 epistole
783 4389 847 4437 suo
876 4375 1073 4459 praemouet
1103 4375 1142 4437 et
1171 4367 1286 4449 docet,
1317 4365 1460 4436 dieens:
