3310 5224
357 895 362 906 ι
392 801 765 879 FRAGMENTUM
794 809 1062 884 EPISTOLAE

235 1026 285 1120 S.
317 1026 611 1126 IRENAEI
646 1032 752 1129 AD
787 1035 1214 1136 FLORINUM.

617 1260 813 1294 ——4—

200 1413 411 1493 Fragmentum
426 1417 570 1498 Epistola
585 1419 616 1478 S.
632 1419 734 1479 Irenoei
750 1420 788 1480 ad
803 1421 965 1490 Florinum,
982 1421 1058 1502 apud
1074 1423 1247 1494 Eusebium,

506 1523 587 1582 Hist.
604 1524 684 1584 Eccl.
700 1524 750 1582 lib.
764 1525 806 1585 V.
822 1545 883 1604 cap.
903 1545 949 1583 20.

171 1637 480 1800 ,ΤΑΥΤΑ
437 1679 485 1724 τα
511 1642 675 1747 δόγματα
704 1648 925 1750 Φλωρῖνε,
910 1683 967 1726 ινα
997 1649 1247 1755 πεφεισμένως

295 1769 392 1868 εἴπω,
430 1773 493 1851 οὐκ
530 1771 630 1851 ἔστιν
668 1775 787 1874 ὑγιοῦς
823 1773 979 1875 γνώμης.
1038 1777 1241 1855 Ταῦτα
1200 1813 1246 1856 τα

196 1894 359 1997 δόγματα
386 1896 638 2005 οἱούμφωνα’
620 1932 700 1978 εστι
729 1933 774 2004 τῃ
757 1900 981 2006 ἐκκλησία,
1011 1905 1059 1982 εἶς
1082 1899 1148 2000 τὴν
1178 1937 1241 2001 με·

194 2024 327 2124 γίστην
345 2025 515 2120 ἀσέβειαν
532 2025 806 2128 περιβάλλοντα
829 2026 911 2110 τοὺς
929 2027 1157 2125 πειθομένους
1176 2031 1240 2108 αὖ·

193 2157 277 2234 τοῖς.
338 2157 464 2232 Ταῦτα
481 2152 526 2231 τὰ
545 2152 709 2256 δόγματα
726 2153 807 2233 οὐδὲ
825 2159 858 2233 οἱ
877 2154 947 2261 ἔξω
968 2159 1032 2254 τῆς
1051 2157 1244 2256 ἐκκλησίας

148 2283 358 2380 ιοοὰρετικοὶ
376 2278 584 2381 ἐτόλμησαν
601 2279 868 2388 ἀποφήνασθαί
892 2316 990 2363 ποτε.
1047 2289 1173 2363 Ταῦτα
1197 2285 1244 2366 τὰ

193 2403 366 2507 δόγματα,
384 2412 418 2486 οἱ
436 2404 508 2507 πρὸ
526 2407 626 2506 ἡμῶν
644 2407 894 2512 πρεσβύτεροι,
913 2415 947 2489 οἱ
975 2413 1034 2488 καὶ
1056 2417 1129 2494 τοῖς
1147 2415 1238 2491 ἀπο-

191 2530 339 2618 στόλοις
358 2531 684 2641 σνμφοιτήσαντες,
702 2537 744 2615 οὐ
771 2536 981 2640 παρεδωκοὶν
999 2572 1071 2617 σοι.
1134 2535 1242 2618 Εἶδον

191 2657 263 2764 γάρ
281 2695 326 2740 σε
344 2669 428 2745 παῖς
445 2661 497 2740 ἔτι
516 2658 565 2740 ὧν
584 2665 622 2741 ἐν
645 2662 804 2767 τῇκότω
822 2664 935 2770 Ἀσίᾳ
961 2663 1061 2767 παρὰ
1087 2670 1138 2772 τῷ
1158 2671 1238 2745 Πο·

191 2784 364 2894 λυκόμιτῳ
382 2795 558 2891 λαμπρῶς
572 2788 778 2891 πράττοντα
799 2792 837 2868 ἐν
854 2824 899 2895 τῃ
927 2797 1106 2896 βασιλικῇ
1135 2793 1240 2896 αὐλῇ,

146 2939 180 2997 ¹5
191 2917 248 2992 καὶ
266 2915 483 3018 πειρώμενον
501 2917 694 3014 εὐδοκιμεῖν
711 2919 794 3019 παρ’
819 2919 927 3025 αι’ντῷ.
988 2923 1149 2996 Μᾶλλον
1168 2919 1239 3023 γὰρ

190 3040 235 3120 τὰ
258 3041 340 3122 τότε
367 3041 643 3144 διαμνημονεύω,
663 3050 735 3122 τῶν
753 3045 904 3148 ἔναγχος
922 3044 1129 3146 γινομένων.
1190 3053 1238 3126 Αἱ

189 3168 260 3273 γὰρ
301 3172 341 3250 ἐκ
377 3172 514 3250 παίδων
545 3169 720 3270 μαθήσεις
763 3169 1012 3277 συναύξουσαι
1048 3176 1093 3274 τῇ
1130 3176 1236 3277 ψυχῇ

532 3375 695 3454 interprete
709 3375 751 3433 H.
770 3374 891 3434 Valesio.

229 3471 302 3530 Huc
330 3471 474 3550 dogmata,
502 3472 631 3540 Florine,
656 3484 690 3531 ut
731 3482 837 3540 terant,
864 3492 1045 3566 nequaquam
1069 3471 1123 3529 tibi
1147 3471 1237 3530 tradi.

186 3551 352 3630 parcissime
372 3573 406 3612 ac
422 3552 566 3612 levissime
586 3552 689 3620 dicam,
731 3552 847 3611 derunt.
881 3553 951 3610 Vidi
967 3554 1043 3610 enim
1060 3562 1169 3610 tecum
1184 3553 1236 3610 ad.

185 3651 244 3689 noa
258 3643 328 3690 sunt
341 3653 417 3690 aanae
432 3633 579 3692 doctrinae.
616 3633 690 3692 Haec
731 3633 788 3691 hue
797 3652 869 3712 puer
879 3653 970 3691 essem
982 3634 1011 3690 in
1022 3632 1235 3692 inferioredsia

184 3711 320 3788 dogmata
342 3713 520 3772 dissentiunt
540 3714 576 3772 ab
597 3712 689 3772 eccle·
730 3713 809 3792 apud
842 3712 1047 3792 Polycarpum,
1083 3710 1234 3791 splendide

184 3791 236 3858 sia,
247 3802 278 3849 et
292 3793 321 3849 in
336 3793 491 3852 maximam
482 3794 686 3887 impietatem
728 3803 862 3871 agentem
892 3793 922 3850 in
951 3792 1068 3872 palatio,
1094 3803 1124 3850 et
1153 3812 1233 3868 mag.

183 3889 233 3930 eos
253 3873 423 3948 conjiciunt,
438 3873 488 3950 qui
511 3873 570 3931 illis
589 3893 686 3932 assen-
728 3893 836 3952 nopere
863 3873 1052 3939 laborantem,
1077 3883 1112 3930 ut
1133 3882 1163 3930 te
1189 3871 1232 3930 illi

182 3951 307 4011 tiuntur.
343 3953 417 4012 Hac
431 3953 566 4031 dogmata
580 3973 617 4010 ne
631 3952 686 4032 ipsi
728 3954 910 4032 approbares.
962 3953 1082 4011 Etenim
1106 3972 1140 4010 ea
1167 3971 1231 4028 quae

181 4032 304 4127 quidem·
318 4032 446 4092 haeretici
464 4044 545 4092 extra
567 4032 684 4092 ecclesi·
727 4045 799 4091 tunc
819 4033 958 4111 temporis
977 4045 1059 4110 gesta
1076 4043 1155 4099 sunt,
1171 4052 1232 4090 me·

181 4131 228 4170 em
243 4113 329 4190 positi
344 4113 610 4192 proferreunquam
623 4114 684 4172 ausi
726 4112 784 4171 lias
805 4113 942 4172 memoria
959 4124 1056 4181 teneo,
1071 4133 1157 4189 quam
1180 4111 1230 4171 illa

175 4206 261 4250 aunt.
278 4191 506 4270 Haecdogmata‚
516 4194 545 4250 ta
557 4194 686 4270 quiante
726 4193 1079 4271 quoenuperacciderunt.
1109 4192 1228 4272 Quippe

182 4291 236 4330 noa
257 4273 353 4332 vixere
374 4273 545 4352 presbyteri,
568 4274 618 4352 qui
642 4284 684 4331 et·
726 4293 760 4332 ea
774 4293 839 4350 quae
860 4274 942 4350 pueri
962 4273 1125 4342 didicimus,
1141 4273 1228 4332 simul

183 4352 239 4410 iam
251 4352 448 4432 apostolorum
463 4353 597 4432 discipuli
609 4354 685 4412 eati·
726 4373 793 4411 cum
808 4353 904 4412 auimo
918 4353 981 4433 ipso
995 4353 1170 4420 coalescunt,
1185 4354 1227 4412 ei-

769 4451 789 4490 n
807 4451 821 4490 2
