3326 5200
270 517 321 581 IN
347 517 590 583 'l'ER'l’ULL¹
614 518 679 582 DE
704 518 998 582 PRAESCRIPT.
1022 517 1150 581 HAER.
1180 519 1243 582 211

195 697 461 790 suanmmtamn,
500 687 752 774 amplectendam
788 711 858 754 esse
894 709 1039 789 aeneae..
1091 687 1245 790 ilabebps

195 773 1245 946 ltdltlttdttlslltdmttdtdtltlt

195 953 279 1012 turae
294 969 393 1012 seorae
414 947 465 1010 his
479 947 608 1011 vooibns
622 948 822 1012 iustrumenta
836 948 1013 1012 diorisamun
1032 967 1136 1010 reason
1152 955 1181 1010 et
1196 968 1244 1010 sa-

196 1042 417 1097 orommtorom
430 1032 682 1097 Odnktiononnn.
717 1034 798 1098 Mox
813 1033 1068 1119 praepositionem
1082 1033 1121 1098 ds
1135 1053 1194 1117 pro
1208 1053 1246 1097 aa

197 1118 330 1184 adhibet
344 1141 432 1183 mora
446 1140 504 1182 suo
519 1118 742 1183 Tertullianus.

242 1204 282 1267 Ρ.
297 1207 368 1290 156.
392 1204 411 1267 l.
436 1223 465 1269 2.
488 1204 584 1270 aliter
608 1226 680 1269 eum
705 1195 874 1284 disserunt,
902 1226 997 1289 quarn
1020 1204 1054 1268 in
1077 1225 1152 1270 vero
1177 1205 1242 1288 est]

200 1289 328 1354 Videsis
353 1311 425 1375 quae
446 1291 516 1375 jem
539 1312 636 1376 supra
658 1291 767 1355 notavi
788 1293 829 1355 ud
853 1313 922 1377 onp.
940 1311 993 1374 30.
1039 1290 1093 1354 Ad
1115 1290 1246 1375 phrasin

197 1376 625 1527 poemffltpprodgttinetlpuam
638 1377 820 1527 wgo&
836 1377 1063 1528 habppbpptotor
1077 1376 1109 1439 in
1123 1376 1175 1440 lib.
1189 1399 1247 1528 sup

352 1512 360 1526 .
404 1483 501 1539 amu,
544 1484 642 1527 omos
696 1486 709 1528 a
757 1485 878 1528 rnvaro
1000 1483 1231 1540 or,oa.11.e

198 1569 301 1612 -aon
313 1549 395 1612 anim
408 1548 486 1612 dana
505 1570 564 1612 essa
581 1548 614 1612 in
628 1570 702 1614 varo
717 1572 744 1614 o.
760 1551 808 1614 18.
853 1549 988 1635 Anglioe
1004 1486 1146 1626 dirimis,
1161 1571 1197 1613 oa
1211 1550 1246 1612 in

198 1633 618 1712 melitinensem.

243 1719 326 1784 Ibid.
345 1719 366 1784 l.
382 1739 412 1804 3.
437 1719 553 1804 Itaque
578 1742 671 1785 omne
696 1722 895 1786 mendacium
923 1721 963 1786 de
987 1721 1058 1786 Deo
1083 1721 1132 1786 val
1157 1721 1246 1785 ustio

199 1806 434 1890 quodammodo
459 1827 562 1882 sexus,
584 1814 634 1872 est
656 1807 859 1892 idololatriae]
885 1806 937 1872 sio
967 1829 1001 1872 se
1026 1807 1124 1871 habet
1147 1806 1245 1870 editio

199 1892 363 1977 princeps;
387 1893 444 1956 sed
466 1891 508 1955 nd
530 1892 676 1957 ultimam
697 1892 868 1958 editionem
888 1915 979 1957 suam
994 1892 1167 1960 Rhenanus
1188 1891 1244 1970 ait,

198 1977 1247 2151 tttlddrtttt‘ffldtttlmtlddttt

201 2149 248 2213 ita
268 2170 328 2234 pro
350 2151 452 2298 elapsa
473 2151 506 2214 in
526 2150 601 2214 edit.
617 2151 721 2236 prima
736 2150 916 2229 Parisiensi,
933 2150 1079 2217 similitor
1101 2157 1198 2234 etque
1213 2149 1246 2212 in

200 2234 347 2299 Rhenani
378 2235 440 2311 ia,
470 2243 594 2300 extant.
634 2236 850 2302 Substitutum
876 2245 984 2302 autem
1014 2236 1122 2301 estin
1152 2235 1244 2300 editt.

200 2319 270 2385 illus
295 2321 510 2406 mquantibus
536 2322 621 2406 quod
644 2323 752 2408 posuit
774 2330 807 2389 et
827 2322 994 2408 Rigaltius,
1024 2323 1139 2408 Itaque
1163 2343 1247 2385 anuas

200 2407 391 2472 mandaoiom
412 2407 497 2492 quod
523 2407 560 2472 da
585 2409 651 2473 Deo
679 2409 821 2484 dioimus,
861 2409 1057 2473 uodaannaodo
1084 2430 1185 2510 genus
1207 2415 1249 2472 est

201 2492 393 2568 idohdrntoe,
409 2493 470 2557 nisi
485 2494 571 2578 quod
585 2493 678 2558 abest
692 2517 753 2558 vox
767 2517 786 2580 q
997 2495 1038 2559 eb
1053 2495 1130 2560 edit.
1142 2493 1246 2557 Puris.

206 2581 296 2663 1566.
342 2579 390 2643 At
412 2600 487 2644 vero
512 2579 545 2642 iu
569 2579 654 2644 notis
679 2581 757 2644 oaloi
783 2581 932 2645 editionis
955 2580 1092 2645 Franak.
1112 2579 1247 2664 adjectis

201 2663 344 2750 praetulit
355 2663 379 2727 J
380 2663 473 2728 unius
483 2665 650 2731 leotionem
665 2666 813 2731 editionis
826 2666 986 2766 prinoipis,
998 2674 1126 2731 tuntum
1136 2665 1248 2732 addito

201 2750 249 2814 aad
261 2756 338 2814 ante
351 2751 576 2836 pwdaouuodo,
591 2758 629 2816 ut
643 2775 705 2816 vox
718 2753 803 2816 natm
824 2775 857 2816 ιιι
872 2774 998 2817 sensum
1021 2753 1146 2836 generis
1168 2750 1249 2816 eooi-

200 2835 318 2920 pietur,
340 2857 427 2900 maru
451 2836 484 2900 in
506 2859 633 2901 sensum
655 2839 765 2922 pertis,
783 2838 815 2902 lr.
834 2861 862 2903 e.
885 2845 943 2904 aut
964 2845 1070 2904 totum
1092 2845 1149 2904 aut
1173 2857 1250 2922 pars

201 2921 367 2986 mendaaii.
391 2921 443 2986 Sio
452 2923 513 2986 ille.
537 2922 678 2988 Semlaro
692 2931 799 2988 eutem
810 2946 886 2989 vera
895 2923 989 2989 leotio
1001 2925 1141 2988 nondum
1156 2929 1250 2987 erute

201 3006 347 3082 videtum
377 3008 420 3072 ad
449 3011 603 3090 προβολὰς
624 3031 700 3073 vero
724 3010 946 3074 haeretieorum
968 3010 1125 3158 respioare
1145 3030 1246 3083 voees,

201 3094 295 3170 natio,
310 3115 405 3172 earm,
421 3094 505 3158 idem
519 3095 568 3158 vir
582 3095 782 3160 doctissimus
797 3096 955 3180 opinatur.
1045 3095 1163 3159 erendn
1184 3093 1249 3157 edi-

202 3178 299 3243 tionis
320 3179 471 3266 principis
490 3180 585 3245 lentio
613 3181 690 3244 mihi
713 3181 849 3259 videtur,
871 3182 898 3245 si
920 3180 1015 3244 modo
1038 3202 1183 3265 reponas,
1203 3177 1252 3242 ael

202 3264 287 3328 rntio
305 3266 520 3351 quedammodo
532 3273 628 3344 son,
644 3266 756 3331 habito
770 3267 917 3330 nimirum
932 3266 974 3330 nd
988 3269 1145 3347 προβολὰς
1159 3264 1247 3342 istus,

202 3356 240 3414 ut
263 3350 311 3414 ait
340 3350 507 3426 Semlerus,
532 3360 687 3438 respectu.
746 3351 858 3430 Habea,
891 3351 994 3436 inquit
1024 3351 1248 3426 Tertullianus,

201 3435 372 3520 opdoodam,
401 3439 548 3502 tetradem
579 3439 623 3502 do
645 3439 740 3515 tiam,
777 3461 813 3502 aa
844 3437 1100 3522 eoojopatoottoe
1135 3457 1250 3501 maeose-

202 3521 300 3585 loram
314 3530 342 3585 et
354 3524 557 3606 seminarum.
580 3461 677 3587 Ad’os.
702 3525 938 3600 Valentinianos,
954 3545 1024 3608 oap.
1042 3541 1069 3606 7.

249 3605 331 3670 Ibid.
343 3607 364 3671 l.
380 3609 428 3673 18.
440 3610 529 3674 Ante
541 3617 616 3674 sunt
630 3610 762 3695 perlecti
777 3610 1004 3687 oeteehumeni,
1017 3630 1112 3693 quem
1126 3607 1247 3692 edooti]

205 3691 278 3756 Hoo
307 3700 366 3770 ost,
394 3694 482 3759 Anto
506 3695 617 3760 τέλειοι
642 3703 717 3762 suut
746 3699 775 3760 ol
804 3698 1026 3779 semetipsum,
1054 3715 1150 3780 quam
1174 3693 1249 3758 fidei

203 3778 246 3842 do
299 3780 406 3844 atibus
421 3781 577 3845 instruoti.

245 3800 332 3928 liiid.
341 3864 361 3930 l.
377 3885 428 3931 21.
442 3867 635 3951 fortassean]
654 3866 727 3930 Hoo
741 3867 853 3931 mediae
867 3867 975 3932 aetatis
989 3865 1175 3931 vocabulum
1190 3886 1249 3949 pro

205 3949 291 4014 adito
297 3952 446 4036 forsitan,
453 3952 534 4036 jussi
544 3953 733 4038 ponendum,
744 3975 816 4017 oum
827 3960 954 4018 exteret
965 3953 997 4016 in
1009 3953 1086 4018 edit.
1097 3951 1249 4037 principe,

205 4036 259 4099 sed
275 4036 409 4116 divisim,
416 4039 549 4121 swtassa
562 4059 616 4103 aa.

250 4121 332 4186 Ibid.
345 4123 365 4186 l.
380 4141 430 4209 23.
443 4146 526 4188 nuno
541 4123 655 4188 saeculo
670 4123 856 4209 obstrietos]
870 4123 1014 4209 Negotiis
1028 4130 1126 4208 atque
1141 4121 1250 4188 offioiis

204 4207 440 4359 mimimo&
461 4317 532 4360 oras
552 4293 649 4381 alius]
678 4294 740 4360 Vel
763 4295 895 4370 diverso,
922 4294 971 4358 vel
1000 4293 1086 4358 nullo
1115 4295 1249 4359 fortasse

204 4399 335 4444 munere
348 4380 485 4459 innotus,
502 4387 538 4445 ut
553 4382 719 4466 sequentis
733 4380 915 4446 ostendunt.

250 4465 286 4528 P.
306 4483 374 4550 137.
390 4466 410 4532 l.
426 4487 458 4551 5.
477 4466 593 4530 Adime
608 4466 670 4530 illis
685 4467 716 4530 in
731 4467 831 4552 legem
845 4466 967 4554 Moysis
981 4473 1014 4532 et
1029 4466 1202 4550 prophetes
1217 4473 1250 4530 et

687 4575 736 4617 Εθ
754 4573 771 4622 2
