3314 5190
374 377 440 441 8³8
718 374 1100 440 ANNOTATIONES

373 568 495 633 01091101
524 547 732 612 misticroreat
760 547 798 611 dc
820 554 976 632 potestate.
1021 544 1255 609 Tertullianum
1284 542 1432 608 imitatus

375 641 425 698 est
439 632 625 717 Cyprianus,
641 633 725 696 hunc
740 632 876 696 vicissim
892 631 1064 707 Arnobius,
1081 630 1103 694 1.
1120 632 1148 694 1.
1164 652 1192 694 0.
1207 633 1260 710 46.

420 719 457 782 P.
475 737 547 804 275.
567 719 588 781 l.
603 737 656 818 3⁰·
681 719 778 782 Hunc
797 717 943 802 magistri
965 715 1335 796 eorum-tradiderunt]
1363 713 1432 778 Hic

375 804 463 868 locus
482 803 624 868 nonnihil
639 804 734 868 aliter
752 810 1002 888 repraesentatur
1020 802 1053 866 in
1067 801 1207 866 editione
1223 801 1429 878 Manutiana‚

375 889 555 954 faventibus
571 889 698 974 quidem
712 888 872 953 codicibus
893 889 1029 973 scriptis,
1046 887 1160 972 quibus
1174 909 1234 972 ego
1255 909 1331 950 usus
1347 909 1428 963 sum,

375 976 540 1060 verbisque
556 975 742 1040 Tertulliani
769 975 802 1038 in
817 997 885 1058 cap.
899 993 951 1036 21.
964 973 1177 1058 Apologetici,
1193 995 1264 1057 quae
1284 972 1431 1036 imitatur

376 1061 553 1146 Cyprianus
566 1087 574 1134 ;
592 1060 678 1125 baud
689 1083 764 1125 vero
780 1082 883 1145 operae
898 1059 1036 1144 pretium
1045 1060 1179 1134 videtur,
1190 1066 1227 1122 nt
1242 1065 1431 1122 moveantur

376 1169 468 1211 voces
483 1147 533 1210 hic
548 1169 620 1210 rece
642 1154 685 1210 tae
700 1147 846 1230 idemque
862 1144 1084 1230 significantes.
1130 1144 1344 1208 Tertullianus
1359 1144 1429 1206 haec

376 1233 470 1380 inger,
491 1253 607 1317 quomo
630 1253 649 1296 0
664 1232 696 1296 in
715 1232 820 1317 priore
838 1231 934 1295 libelli
949 1239 1051 1316 parte,
1069 1230 1247 1295 Minucium
1265 1237 1430 1294 auctorem

377 1318 437 1382 sii
474 1340 510 1381 ro
533 1318 626 1382 osuit.

420 1341 543 1467 Ibldl.
564 1423 616 1488 34.
642 1403 767 1488 Syriam
788 1401 996 1487 procurabat]
1021 1403 1117 1480 Bene,
1134 1399 1332 1487 procurabat,
1354 1400 1430 1484 quia

378 1489 509 1554 Tacitus
536 1488 688 1553 Pontium
711 1488 852 1552 Pilatum
871 1497 1100 1574 procuratorem
1120 1487 1202 1551 dixit
1228 1510 1279 1550 xv.
1297 1508 1350 1566 44.
1372 1485 1430 1548 mi·

378 1597 438 1640 nus
461 1582 571 1639 autem
594 1597 665 1638 vere
692 1576 829 1658 Syriaca,
855 1597 926 1658 quae
951 1573 1139 1659 sublegato
1161 1573 1317 1637 consulari
1347 1577 1428 1650 erat,

378 1660 562 1725 nominavit.
602 1660 727 1725 Pilatus
742 1661 826 1724 enim
842 1660 1022 1724 Palaestinae
1038 1667 1175 1736 tantum,
1191 1681 1249 1722 nec
1263 1657 1308 1722 illi
1321 1658 1427 1731 omni;

377 1748 434 1811 sed
458 1746 608 1811 Archelai
630 1746 824 1810 ethnarchiae
845 1745 878 1809 in
898 1745 1093 1830 provinciam
1114 1746 1264 1822 redactae,
1285 1744 1350 1807 sive
1369 1743 1429 1806 Ju-

377 1833 455 1897 daeae
471 1841 505 1897 et
521 1833 672 1896 Samariae
689 1833 857 1918 praefectus
872 1831 943 1896 fuit.
976 1831 1000 1894 J
1002 1831 1138 1916 osephus
1149 1831 1203 1894 lib.
1221 1832 1269 1893 Il.
1285 1830 1325 1894 de
1341 1829 1429 1892 Bello

378 1941 447 2004 cap.
464 1939 513 1998 14.
529 1918 674 1982 ineunte:
700 1917 856 2000 Πεμφθεὶς
871 1919 903 1980 δὲ
920 1921 960 1983 εἰς
970 1916 1118 1981 Ἰουδαίαν
1134 1919 1292 1998 ἐπίτροπος
1305 1915 1363 1979 ὑπὸ
1377 1921 1428 1978 Τι-

377 2005 481 2086 βερίου
497 2003 640 2070 Πιλᾶτος.
676 2005 792 2068 Missus
806 2014 906 2067 actem
920 2026 941 2066 o
960 2001 1078 2066 Tiberio
1093 2002 1220 2066 Pidrtas
1234 2003 1267 2064 ia
1282 2001 1431 2066 Jedaeam

371 2099 564 2175 procurator.
606 2089 786 2166 (inanimus,
803 2089 995 2174 prrianum
1016 2111 1088 2153 cum
1108 2087 1305 2152 Tertulliano
1321 2086 1354 2150 in
1368 2087 1428 2150 hnc

378 2197 413 2238 re
428 2197 535 2239 errare
550 2177 673 2239 monuit
690 2175 875 2239 Lindnerus.
914 2175 960 2238 lis
974 2175 1076 2238 addas
1093 2174 1306 2238 Lactantium.

422 2260 460 2323 P.
478 2264 550 2339 276.
563 2261 584 2324 1.
602 2261 632 2324 8.
657 2261 739 2326 Nam
762 2270 795 2324 et
817 2261 985 2324 crucifixus
1004 2266 1168 2344 praevento
1191 2259 1349 2324 carnificis
1363 2258 1427 2322 offi-

378 2345 428 2409 cio
444 2345 514 2430 dvc]
533 2345 747 2410 Tertullianus
762 2347 795 2408 in
810 2347 963 2431 Apobpct.
979 2369 1049 2430 cap.
1064 2364 1114 2409 21.
1136 2347 1181 2409 Et
1191 2355 1292 2409 10111011
1305 2345 1430 2428 sufficies

377 2431 520 2530 spiritam
543 2451 611 2493 eam
633 2430 718 2495 cerlo
739 2442 840 2516 specte
865 2433 991 2510 dimisit,
1015 2441 1171 2517 praevento
1200 2431 1353 2514 arabicis
1380 2430 1426 2514 of·

402 2538 504 2664 olbid.
520 2601 541 2664 1.
559 2621 604 2663 11.
629 2600 730 2685 qualis
745 2609 779 2666 et
793 2603 913 2687 fuerat]
933 2603 984 2668 Sic
999 2603 1090 2667 codd.
1106 2602 1187 2666 Novi
1203 2601 1285 2666 Coll.
1303 2619 1331 2666 2.
1347 2607 1380 2665 et
1396 2621 1428 2685 3.

381 2685 493 2750 Edidit
508 2685 655 2750 Baluzius
677 2687 735 2750 tci'
770 2688 871 2836 qualis
889 2700 916 2753 et
930 2692 1050 2772 sacrat,
1067 2711 1139 2753 cum
1160 2688 1248 2772 prius
1271 2687 1429 2752 extitisset

381 2773 438 2850 vel,
454 2772 527 2837 tobis
543 2782 577 2836 at
589 2773 710 2856 sacrat,
732 2796 789 2852 ve,
813 2775 885 2838 talis
905 2785 939 2839 at
955 2784 1025 2838 cate
1038 2776 1158 2859 sacrat.
1204 2773 1336 2838 Habent
1358 2771 1430 2836 talis

381 2869 415 2923 at
427 2860 539 2944 suerat
553 2859 653 2922 codex
675 2860 759 2922 Novi
780 2860 857 2925 0011.
879 2880 906 2924 1.
929 2869 962 2925 et
978 2860 1075 2924 MSS.
1121 2860 1298 2924 Meerman.
1317 2864 1351 2922 et
1371 2858 1430 2921 Te

381 2953 489 3009 water.
516 2951 550 3009 et
575 2945 753 3008 Drurianus
777 2946 942 3011 vetustior.
993 2947 1036 3010 Ut
1047 2947 1158 3030 suerat
1174 2945 1242 3009 sine
1262 2945 1334 3009 talis
1358 2942 1430 3007 MS.

269 3042 274 3050 ⁴
383 3030 561 3095 Drurianus
576 3032 741 3096 recentior.

427 3116 509 3181 Ibid.
526 3116 546 3180 l.
567 3135 615 3180 12.
631 3117 724 3181 simul
734 3116 870 3202 junctis]
889 3118 1011 3182 Extare
1021 3119 1104 3182 hanc
1118 3116 1286 3182 lectionem
1299 3117 1333 3181 in
1347 3115 1430 3180 ccdi-

383 3201 471 3266 cibus
486 3202 534 3265 Re
556 3202 587 3264 io
601 3208 635 3266 et
645 3203 823 3266 Veronensi
837 3203 961 3268 monuit
976 3203 1135 3289 Rigaltius
1149 3203 1182 3266 in
1194 3203 1297 3281 Notis,
1309 3201 1432 3266 Jeme

383 3297 433 3364 aa,
453 3288 500 3351 ait
520 3224 580 3363 ile,
605 3287 685 3352 illud
705 3289 809 3366 Lace,
833 3291 1096 3370 συνηθροισμένοις
1118 3296 1179 3355 τοῖς
1201 3291 1326 3353 debera:
1351 3289 1429 3352 Lac.

384 3373 468 3436 xxiv.
489 3393 542 3458 33.
602 3372 753 3458 Idemque
778 3383 854 3439 ante
880 3397 930 3438 me
956 3375 1076 3458 recepit
1106 3374 1275 3438 Oellarium
1304 3379 1431 3438 secutus

386 3457 573 3523 Lindnerus.
604 3459 735 3522 Jcccas
756 3461 907 3525 exhibent
931 3461 1080 3539 Manutii,
1106 3461 1194 3538 Felli,
1220 3460 1431 3544 Gronoviique

385 3543 548 3620 editiones,
566 3544 698 3608 Pamelii
716 3545 805 3610 MSti
820 3552 853 3610 et
868 3547 989 3632 aliquot
1004 3547 1127 3610 codices
1142 3547 1314 3624 Baluzieni,
1331 3546 1431 3610 codex

386 3629 466 3693 Novi
487 3630 611 3694 (10111.
634 3653 793 3714 meusque,
815 3654 915 3716 nuper
937 3633 1171 3708 Tewateranus,
1197 3640 1230 3697 et
1253 3631 1432 3695 Drurianus

385 3715 552 3780 recentior.
608 3716 671 3780 Sed
695 3718 811 3780 cinctas
835 3726 884 3781 est
908 3717 1055 3782 editionis
1083 3718 1233 3803 principis
1263 3716 1430 3803 scriptura,

386 3801 565 3866 faventibus
587 3802 694 3866 codice
711 3802 791 3866 Novi
808 3803 885 3868 coll.
903 3823 932 3870 2.
949 3804 1089 3888 meisque
1110 3804 1237 3889 scriptis
1253 3805 1419 3867 Meerman

387 3909 471 3951 nano
501 3896 533 3952 et
564 3887 725 3952 Druricno
754 3889 930 3965 vetustiori,
955 3896 989 3954 et
1014 3911 1127 3953 novem
1156 3897 1313 3974 praeterea
1341 3887 1430 3951 libris

385 3973 521 4058 scriptis,
538 3997 617 4059 quos
636 3974 767 4038 adducit
790 3975 945 4053 Baluzius,
965 3975 1015 4039 cui
1033 3976 1158 4060 quidem
1182 3975 1229 4040 ita
1250 3974 1378 4074 placuit,
1395 3981 1432 4037 ut

385 4058 487 4143 ipsam
508 4059 541 4122 in
566 4060 642 4124 edit.
666 4082 756 4124 suam
779 4061 993 4126 revocaverit:
1026 4069 1045 4096 ‘⁴
1060 4069 1214 4146 tanquam
1237 4083 1263 4124 s1
1286 4060 1433 4125 Christus

387 4152 406 4179 ‘⁴
422 4144 583 4230 discipulis
605 4146 669 4210 suis
691 4147 892 4232 apparuisset
911 4169 981 4211 cum
1003 4147 1110 4210 fasciis
1124 4167 1157 4212 et
1172 4147 1299 4222 vestitu,
1314 4146 1347 4208 in
1363 4143 1431 4229 qui-

387 4229 480 4315 “bus
495 4252 608 4316 corpus
624 4232 691 4316 ejus
713 4233 851 4316 positum
867 4234 972 4298 fuerat
987 4233 1020 4296 in
1035 4233 1200 4317 sepulchro
1216 4253 1287 4298 cum
1302 4231 1433 4295 sindone
