3316 5198
266 681 351 731 ΟΑΡ.

266 747 355 796 xxti.

395 487 461 555 114
749 489 1090 555 TERTULLIANI

447 661 519 748 Qui
543 666 597 736 ita
624 665 825 736 concedunt
852 663 946 760 (sor.
974 663 1222 756 contendunt),
1250 663 1445 756 recogitare

396 781 529 852 debent
555 775 600 852 do
629 789 725 852 statu
749 781 911 852 vocabuli
938 781 1057 874 ipsius,
1085 780 1171 872 quid
1200 787 1256 849 est
1277 775 1446 848 muliera

396 898 518 990 primis
547 898 691 990 quidem
720 897 832 970 literis
858 907 1059 970 sanctorum
1088 897 1444 979 commentoriomm3

396 1035 479 1084 nam
505 1015 691 1085 inveniunt
716 1013 808 1111 (for.
835 1016 1033 1108 invenient)
1063 1035 1170 1085 sexus
1200 1035 1276 1084 esse
1303 1035 1444 1095 nomen,

396 1154 468 1202 non
484 1131 634 1226 gradum
652 1151 768 1202 sexus.
821 1131 1004 1223 Siquidem
1022 1131 1137 1202 Evam
1153 1131 1312 1200 nondum
1330 1131 1471 1208 virums

396 1251 581 1340 expertam
599 1243 699 1318 Deus
725 1245 901 1318 malicum
926 1256 964 1318 et
983 1245 1159 1342 seminam
1181 1246 1445 1340 cognominavit

395 1361 503 1450 (Gen.
516 1365 551 1434 ii.
566 1369 655 1459 23.):
677 1365 874 1460 [feminam
892 1387 963 1457 qua
979 1385 1086 1436 sexus
1101 1363 1322 1458 generaliter,
1340 1363 1445 1434 muli·

393 1501 500 1564 erem,
518 1497 588 1573 qua
603 1479 733 1574 gradus
759 1501 865 1552 sexus
887 1480 1095 1574 specialiter.
1114 1477 1263 1572 delend]
1317 1479 1444 1571 Itaque

394 1592 487 1690 (sor.
507 1596 566 1666 Ita
582 1598 679 1690 quia)
690 1598 767 1689 jam
785 1605 871 1668 tunc
892 1599 1043 1690 innupta
1058 1596 1175 1667 adhuc
1193 1595 1271 1667 Eva
1286 1595 1444 1667 mulieris

393 1713 565 1783 vocabulo
584 1711 677 1808 (for.
695 1714 761 1784 sub
779 1712 965 1807 vocabulo)
983 1711 1062 1796 fuit,
1081 1734 1270 1783 commune
1287 1713 1324 1782 id
1341 1735 1444 1782 voca-
1456 1736 1491 1777 ro

391 1828 516 1899 bulum
535 1838 572 1900 et
583 1831 710 1925 virgini
728 1831 864 1900 factum
883 1838 948 1900 est.
976 1829 1057 1900 Nec
1070 1830 1210 1912 mirum,
1221 1830 1251 1899 si
1264 1827 1443 1922 apostolus

394 1947 520 2016 eodem
538 1946 662 2039 utique
679 1948 804 2041 spiritu
822 1956 932 2030 actus,
950 1970 1021 2039 quo
1041 1967 1123 2018 cum
1141 1947 1256 2018 omnis
1273 1946 1445 2038 scriptura

393 2061 631 2146 divinitatum,
649 2071 687 2133 et
704 2063 766 2134 illa
787 2060 881 2157 (sor.
899 2063 1027 2146 divina,
1045 2071 1124 2133 tum
1144 2071 1182 2133 et
1199 2062 1274 2155 illa)
1294 2061 1443 2132 Genesis

391 2178 530 2272 digesta
546 2187 610 2262 est,
629 2181 754 2250 eadem
772 2201 859 2249 voce
877 2201 962 2250 usus
979 2187 1043 2262 est,
1057 2178 1244 2250 mulierem
1261 2177 1441 2270 ponend03

392 2316 473 2385 quae
508 2293 674 2386 exemplo
708 2293 804 2376 Evoe,
830 2295 991 2386 innuptae
1025 2301 1063 2363 et
1090 2294 1216 2387 virgini
1251 2300 1441 2385 competat.
1454 2312 1488 2374 15

391 2407 521 2479 Cetera
538 2410 690 2502 denique
707 2433 778 2481 non
795 2419 923 2480 sonant
940 2407 1035 2505 (sor.
1053 2409 1276 2498 consonant),
1293 2429 1376 2479 nam
1402 2417 1440 2479 et

390 2525 458 2596 hoo
484 2527 569 2619 ipso,
587 2528 681 2618 quod
700 2527 852 2620 virgines
877 2547 949 2596 non
974 2528 1181 2610 nominavit,
1199 2528 1292 2597 sicut
1308 2525 1378 2597 alio
1403 2527 1440 2596 in

388 2637 478 2724 loco,
495 2644 557 2714 ubi
581 2643 626 2714 de
650 2644 818 2714 nubendo
845 2643 960 2726 docet,
978 2644 1063 2714 satis
1086 2644 1256 2736 praedicat
1280 2643 1325 2712 de
1342 2643 1439 2712 omni

388 2753 546 2842 muliere,
565 2767 602 2830 et
620 2760 665 2832 de
683 2767 760 2829 toto
778 2781 867 2830 sexu
888 2760 1035 2843 dictum,
1053 2781 1119 2830 nec
1137 2759 1344 2830 distinctum
1362 2781 1439 2829 esse

388 2874 482 2944 inter
498 2875 681 2969 virginem,
707 2876 851 2945 omnino
877 2899 948 2945 non
974 2876 1134 2945 nominat
1162 2871 1254 2969 (sor.
1280 2875 1487 2945 nomina-20

388 2993 488 3083 tam).
516 2991 586 3075 Qui
605 2994 700 3062 enim
713 2991 798 3062 alibi
811 2993 1028 3086 distinguere
1040 2992 1214 3074 meminit,
1228 2991 1290 3062 ubi
1303 2989 1438 3061 scilicet

389 3102 587 3179 differentia
607 3108 773 3201 postulat,
791 3109 987 3202 distinguet
1009 3116 1131 3178 autem
1155 3115 1343 3198 utramque
1360 3129 1439 3200 spe·

387 3222 479 3292 ciem
504 3223 577 3293 suis
599 3222 779 3294 vocobrdis
804 3224 1013 3317 designans3
1048 3222 1110 3293 ubi
1138 3244 1210 3292 non
1239 3222 1436 3316 distinguit,

387 3336 473 3406 dum
499 3348 686 3430 utramque
712 3360 784 3408 non
813 3341 985 3420 nominat,
1011 3336 1147 3408 nullam
1173 3336 1252 3406 vult
1275 3334 1437 3406 differen-

386 3453 474 3524 tiam
501 3454 663 3548 intelligi.
726 3454 845 3538 Quid?
882 3455 976 3545 quod
1005 3453 1133 3524 Graeco
1163 3475 1334 3534 sermone,
1365 3475 1483 3544 qu025

387 3565 507 3640 literas
532 3569 712 3662 apostolus
738 3571 832 3652 fecit,
850 3571 929 3640 usui
956 3579 1011 3640 est
1033 3567 1199 3640 mulieres
1217 3590 1343 3639 vocare
1359 3577 1435 3638 tam

387 3681 545 3765 feminas,
563 3682 599 3752 id
617 3693 672 3753 est
689 3691 851 3774 ponticas,
870 3705 976 3775 quam
1001 3683 1140 3764 θηλείας.
1192 3681 1309 3775 Igitur
1325 3683 1354 3752 si
1371 3705 1435 3774 pro

387 3819 493 3868 sexus
523 3800 667 3870 nomine
690 3797 902 3870 vocabulum
933 3799 1028 3870 istud
1055 3799 1310 3891 frequentatur,
1340 3799 1435 3890 quod

385 3923 441 3984 est
462 3915 754 4008 interpretatione
779 3937 843 4008 pro
871 3938 924 3998 eo,
947 3915 1041 4007 quod
1068 3922 1123 3985 est
1148 3915 1289 3997 femina,
1307 3936 1433 3985 sexum

385 4032 591 4115 nominavit,
610 4033 730 4102 dicens
747 4039 895 4123 γυναῖκα.
948 4031 992 4101 In
1018 4053 1107 4102 sexu
1131 4039 1253 4101 autem
1279 4039 1317 4101 et
1333 4032 1484 4125 virgo3o

387 4146 605 4238 contingitur
622 4144 714 4243 (sor.
732 4149 959 4241 continetur).
1007 4147 1079 4218 Sed
1097 4156 1135 4217 et
1150 4147 1340 4218 manifesta
1353 4170 1434 4240 pro-

311 4333 319 4350 ,
386 4261 566 4332 nunciatio
596 4271 670 4336 est:
699 4262 831 4347 Omnis,
857 4265 982 4356 inquit,
1005 4266 1041 4352 (1
1062 4264 1142 4335 Cor.
1164 4264 1212 4336 xi.
1231 4263 1281 4354 5.)
1308 4261 1434 4334 mulier

386 4373 548 4460 adorans,
565 4387 597 4450 ct
620 4377 832 4474 proplietam
859 4381 982 4452 intacto
1003 4379 1114 4473 capite
1137 4377 1316 4452 dedecorat
1332 4389 1434 4474 copia
