3310 5224
393 393 436 458 28
726 392 1106 458 ANNOTATIONES

392 563 611 662 papw[pvlnne]
630 565 774 644 ἐπορεύθη
789 563 898 664 elarini
912 565 1144 665 ἀφειλ[όμενον]
1162 567 1256 665 τόπον
1274 569 1326 644 τῆς
1340 567 1436 644 δόξης.

392 673 462 733 cnp.
478 671 509 735 5.
549 649 611 712 His
632 671 774 733 apponas
797 649 871 713 D1v1
895 650 990 714 Lucae
1004 651 1108 714 locum
1127 674 1160 715 m
1180 654 1270 715 Actae
1286 653 1438 733 Apoca—

393 734 429 814 ἐξ
441 736 476 814 ἧς
494 737 694 820 (ἀποστολῆς)
717 735 836 816 παρέβη
854 734 977 808 Ἰούδας,
1002 741 1181 819 πορευθῆναι
1204 739 1247 804 τίς
1268 737 1323 802 τὸν
1344 739 1438 800 τόπον

392 821 446 886 τὸν
460 825 545 886 ίδιον.
561 821 581 885 i.
596 839 647 904 25.
686 821 844 886 Gaeterum
859 822 970 886 melius
988 823 1121 888 vertisse
1140 845 1181 887 ne
1199 822 1326 887 dubites
1341 844 1437 907 nupe-

392 929 464 972 rum
497 908 707 990 interpretum
736 908 904 992 Polycarpi
940 908 1119 994 Anglicum,
1152 908 1339 972 Wilfridum
1367 909 1437 973 Cle

391 1000 547 1070 mentam,
563 994 660 1057 verba
674 997 755 1074 παρὰ
774 998 813 1078 τῷ
835 995 942 1078 Κυρίῳ,
959 995 1032 1058 wita
1050 995 1097 1059 tle
1115 995 1210 1071 Lord,
1226 995 1314 1079 apud
1331 995 1437 1062 Domi-

391 1101 473 1156 ανπν,
498 1101 592 1163 quam
614 1079 689 1142 olim
711 1079 842 1144 Gavium
864 1087 897 1144 et
921 1079 1087 1157 Wakinm,
1111 1082 1165 1166 qui
1186 1082 1316 1157 habent,
1333 1080 1370 1165 by
1391 1081 1438 1145 ίίιο

392 1166 487 1242 Lerni,
499 1188 521 1230 α
531 1165 671 1241 Domino,
688 1165 747 1230 nisi
762 1166 865 1250 legere
880 1166 912 1229 hi
928 1166 1044 1230 vellent
1056 1171 1136 1248 παρὰ
1150 1173 1203 1231 τοῦ
1222 1168 1338 1246 Κυρίου,
1352 1168 1436 1251 quod

392 1252 501 1316 fecisse
515 1251 641 1315 videtur
656 1251 761 1316 Vetus
777 1251 947 1337 Interpres.
982 1252 1204 1318 Clementsono
1219 1260 1329 1316 autem
1340 1253 1437 1317 inter-

392 1337 475 1423 preti
499 1359 582 1402 nuno
604 1338 743 1401 addendi
767 1345 842 1402 sunt
867 1338 905 1402 cl.
922 1338 1105 1415 Ohevallier,
1131 1340 1184 1424 qui
1211 1338 1435 1416 recentissime,

392 1431 489 1508 atque
505 1423 662 1500 Elborow,
677 1424 730 1507 qui
745 1424 865 1508 primus
876 1424 1015 1488 omnium
1033 1424 1201 1510 Polycarpi
1217 1425 1384 1508 epistolam
1405 1427 1438 1490 in

392 1509 560 1594 Anglicam
585 1509 725 1595 linguam
751 1509 857 1574 vertit.
911 1509 1056 1594 Denique
1080 1511 1121 1575 de
1147 1511 1371 1596 praepositione
1397 1515 1438 1578 είς

391 1595 615 1660 consulendum
637 1595 684 1660 ait
709 1594 913 1660 Heiniehinm
939 1597 981 1660 nd
1007 1595 1180 1662 Eusebium
1205 1597 1299 1661 Η.Ε.
1324 1597 1434 1682 11.25.

391 1680 601 1748 Jacobsonus.

434 1768 472 1832 P.
489 1769 535 1832 18.
552 1768 571 1831 Ι.
583 1787 612 1834 2.
636 1768 694 1832 ὑπὸ
716 1772 768 1832 τοῦ
788 1772 871 1832 Θεοῦ
891 1767 1076 1852 ἀναστάντα]
1104 1767 1179 1832 ‘mut
1195 1773 1247 1830 τοῦ
1266 1773 1348 1832 Θεοῦ
1363 1771 1435 1832 ἀνα-

392 1854 513 1927 στάντα,
537 1876 577 1918 ex
599 1854 728 1918 Eusebii
751 1861 784 1918 et
807 1854 976 1939 Nicephori
999 1854 1160 1931 citatione,
1186 1875 1261 1917 nam
1283 1863 1357 1939 post
1379 1856 1437 1919 ὑπὸ

391 1941 538 2006 Graecum
554 1939 710 2016 salmasii,
727 1962 789 2024 quo
805 1941 853 2003 usi
868 1962 985 2017 sumus,
1002 1940 1108 2004 deficit
1126 1962 1184 2004 nos
1199 1940 1370 2025 exemplar,
1386 1941 1437 2004 hic

391 2025 1438 2198 {lulltbnlttatllllltlttttt1353th}

391 2197 635 2261 constructionis
649 2196 791 2280 requirat
806 2197 900 2260 ratio.
933 2197 1028 2260 Unde
1045 2199 1285 2282 Metaphrastes
1298 2199 1346 2282 (in
1359 2199 1439 2262 Vita

393 2281 525 2368 Ignatii)
542 2282 714 2347 ἀναστάντα
734 2282 768 2344 in
791 2284 914 2359 Graeco,
930 2289 964 2346 et
988 2283 1121 2347 Rufinus
1143 2285 1309 2348 raanan
1331 2285 1363 2348 in
1381 2307 1437 2350 suo

391 2368 439 2433 ita
453 2368 585 2433 retinuit
600 2368 736 2443 Latium
760 2368 898 2445 utillud,
914 2370 971 2432 ὑπὸ
987 2375 1039 2433 τοῦ
1054 2375 1146 2441 Θεοῦ,
1160 2392 1182 2433 ο
1196 2371 1270 2447 Deo,
1287 2377 1324 2434 ut
1335 2371 1439 2434 minus

391 2477 462 2518 cnm
478 2477 516 2518 eo
531 2455 700 2531 cobaerens,
717 2461 850 2538 uterque
865 2455 1113 2539 praetermiserit.
1139 2455 1250 2519 Usssn.
1296 2457 1438 2521 Vocibus

391 2541 449 2604 ὑπὸ
459 2547 511 2604 τοῦ
520 2540 701 2605 absolutum
711 2548 762 2605 est
771 2541 887 2605 codicis
898 2541 1074 2605 Florentini
1083 2542 1301 2627 apographum
1309 2543 1438 2606 Vossiu-

392 2626 663 2700 Dotlwellianum3
688 2627 801 2690 deinde
816 2627 959 2711 seqnitur
973 2628 1004 2691 in
1020 2627 1089 2711 ipso
1104 2628 1220 2703 codice,
1237 2628 1330 2692 nullis
1342 2629 1438 2692 inter-

391 2711 513 2797 positis,
529 2735 604 2798 purs
616 2711 756 2798 epistolae
767 2712 923 2777 Barnabae
939 2735 959 2776 a
973 2714 1076 2776 verbis
1091 2713 1151 2776 illi·
1167 2713 1200 2775 in
1214 2735 1286 2798 pag.
1303 2734 1352 2798 13.
1365 2714 1437 2778 edit.

391 2799 551 2880 Moesardi,
578 2799 655 2862 λαὸν
684 2799 737 2862 τὸν
764 2797 851 2862 κενὸν
878 2799 1011 2882 (καινὸν)
1040 2799 1210 2877 ἐτοιμάζων.
1255 2800 1438 2863 Communis

391 2891 500 2950 nutem
512 2891 562 2948 est
570 2884 730 2948 codicibus
743 2884 910 2970 Polycarpi
921 2885 1040 2948 Graeeis
1052 2885 1160 2948 hiatus
1172 2884 1240 2948 iste.
1273 2887 1350 2966 Quae
1363 2907 1437 2949 vero

391 2971 535 3055 subjecta
546 2978 621 3035 sunt
635 2970 734 3034 codici
745 2971 913 3045 Vaticano,
924 2991 963 3033 ea
974 2970 1107 3054 protulit
1116 2970 1327 3049 Jacobsonus‚
1340 2979 1437 3056 prout

391 3057 466 3121 olim
486 3057 630 3133 Vossius,
646 3055 812 3134 Ἐπιστολὴ
831 3055 974 3136 Βαρνάβα
989 3061 1041 3119 τοῦ
1061 3058 1233 3120 ἀποστόλου
1254 3056 1438 3137 συνεκδήμου

392 3145 518 3209 Παύλου
534 3150 585 3206 τοῦ
600 3146 686 3225 ἁγίου
701 3144 882 3206 ἀποστόλου.
909 3141 946 3204 ln
959 3142 1035 3206 edit.
1051 3141 1202 3226 principe,
1213 3142 1277 3206 sivo
1293 3142 1438 3206 Halloix-

392 3229 413 3293 ii
437 3230 499 3303 illa,
516 3235 621 3292 totum
645 3227 752 3291 deficit
776 3228 835 3290 hoc
856 3228 1032 3292 membrum
1052 3227 1205 3292 orationis
1228 3229 1276 3292 καὶ
1301 3227 1336 3292 δι’
1364 3229 1437 3309 ἡμᾶς

391 3315 450 3380 ῦπά
464 3320 516 3377 τοῦ
531 3319 613 3379 Θεοῦ
628 3312 810 3385 ἀναστάντα,
825 3312 929 3377 verius
943 3313 1160 3377 ἀνασταθέντα.

436 3399 473 3462 Ρ.
493 3401 543 3462 18.
559 3399 579 3461 l.
595 3400 624 3462 8.
639 3399 912 3461 mansuetudinem
926 3398 1054 3462 Domini
1063 3399 1221 3482 alterutri]
1243 3399 1295 3462 Sic
1308 3399 1438 3463 Halloix

392 3491 426 3549 et
437 3485 543 3549 Faber
551 3483 750 3567 Stapulensis
761 3484 850 3566 (edit.
861 3484 1007 3568 princeps
1017 3484 1148 3566 Latina)
1160 3492 1194 3549 et
1203 3486 1247 3548 sic
1258 3486 1325 3548 cod.
1339 3485 1436 3549 Laur.

394 3575 464 3655 (seu
481 3570 638 3652 Florent.)
656 3569 744 3633 Libri
760 3570 850 3654 impr.
867 3570 1020 3635 omittunt
1036 3571 1174 3634 Deciani.
1200 3570 1223 3633 J
1226 3593 1363 3634 seorsus.

437 3657 519 3722 lbid.
535 3657 556 3719 l.
571 3674 621 3719 να.
654 3655 688 3719 Si
714 3655 784 3740 quis
806 3677 868 3719 non
890 3656 1081 3720 abstinuerit
1107 3679 1140 3720 se
1161 3657 1203 3720 ab
1225 3656 1369 3731 avaritia,
1396 3655 1439 3720 ab

393 3744 573 3808 idololatria
587 3741 868 3826 coinquinabitur]
902 3741 966 3806 Hic
981 3743 1107 3825 quidem
1122 3743 1213 3807 facile
1233 3742 1301 3807 visu
1316 3750 1374 3818 est,
1391 3763 1439 3806 re·

393 3831 513 3914 spicere
529 3828 738 3913 Polycarpum
753 3829 795 3892 ad
809 3827 945 3912 apostoli
961 3828 1064 3891 locum
1078 3827 1111 3890 in
1123 3828 1263 3912 Epistola
1277 3829 1322 3892 ad
1333 3829 1439 3892 Colone.

393 3915 438 3980 ili.
453 3935 486 4000 5.
512 3917 692 3996 Νεκράσατε
715 3915 865 3992 οῦν-τὴν
884 3916 1071 3992 πλεονεξίαν,
1092 3914 1154 3991 ἥτις
1177 3915 1259 3977 ἐστὶν
1276 3917 1438 3978 εἰδωλολα-

393 4003 485 4083 τρεία.
516 4001 592 4064 Vct.
619 4000 740 4084 luterp.
763 3999 834 4064 Lat.
854 4001 1040 4082 Mortificate
1065 3998 1352 4083 erpo—avaritiam,
1372 4021 1442 4084 σοον

395 4097 437 4150 σοί
449 4087 681 4151 simulacrorum
694 4087 843 4158 semitas,-
861 4087 991 4150 sednon
1006 4107 1097 4170 aeque
1112 4086 1211 4149 facilis
1222 4091 1272 4149 est
1282 4085 1440 4168 expositio

394 4171 480 4236 vocis
493 4174 653 4250 πλεονεξία
667 4173 715 4236 vel
733 4172 819 4256 apud
838 4172 1027 4257 apostolum,
1043 4171 1091 4236 vel
1109 4173 1195 4256 apud
1216 4171 1438 4256 Polycarpum.

397 4257 478 4322 Haec
500 4257 574 4322 olim
597 4258 715 4321 notavi.
761 4257 809 4321 At
830 4279 905 4322 vero
930 4279 1012 4321 nunc
1038 4258 1144 4342 posuit
1170 4280 1240 4342 qnae
1264 4266 1440 4341 sequuntur

395 4343 606 4420 Jacobsonus,
625 4351 644 4378 “
656 4344 802 4408 Graecum
821 4342 887 4407 sine
906 4342 1002 4406 dubio
1022 4349 1055 4406 et
1078 4343 1129 4406 hic
1151 4353 1185 4407 et
1205 4343 1296 4419 infra,
1314 4344 1352 4406 Si
1371 4343 1441 4426 qais
