3294 5192
327 405 378 470 IN
401 402 621 469 CANONES
645 400 828 467 NICAENI
852 399 1083 466 CONClLll.
1166 403 1231 468 415

182 578 361 644 Romanam
392 575 506 640 saltem
534 572 699 639 eoolesiam
723 592 886 722 nunhpuam
910 571 1038 637 omnino
1066 580 1230 660 reoeptum

181 664 287 729 luisse.
339 662 388 726 At
408 660 584 726 Rhabanus
604 659 749 736 Maums,

182 749 299 816 smerde
313 747 420 814 arohie
443 747 451 762 ⁸
470 768 576 847 oopus,
592 744 831 810 inInstituliom
848 743 1031 810 Meam
1045 746 1137 846 nobis
1151 767 1231 848 prap-

182 836 269 922 cipit,
281 856 354 900 oum
364 833 416 898 die
459 854 604 910 ommroo,
614 839 685 897 tum
696 832 904 896 Penteoostes
914 830 1026 896 diebus
1040 853 1099 900 neo
1109 832 1232 917 Jejunra

182 921 315 1008 agenda,
339 941 396 984 neo
417 940 523 1005 genua
543 940 612 984 esse
633 917 800 995 fleetenda,
823 917 981 1002 majorum
1001 917 1176 984 traditione
1196 933 1232 983 et

182 1007 337 1072 universae
356 1003 500 1072 eoelesiae
514 1025 603 1070 more
621 1003 798 1090 appellatis,
820 1023 911 1088 oapp.
923 1003 988 1067 lxx.
1003 1009 1037 1068 et
1053 1003 1132 1068 lxxi.
1170 1005 1232 1070 At·

183 1115 244 1178 que
266 1094 352 1178 apud
373 1113 431 1156 nos
452 1089 663 1156 occidentales
683 1089 717 1154 in
738 1088 979 1154 desuetudinem
999 1089 1117 1154 abiisse
1133 1090 1233 1156 ritum

183 1180 290 1256 istum,
313 1178 441 1242 omnino
466 1177 647 1241 mirandum
674 1181 733 1254 est,
760 1196 833 1239 oum
857 1175 902 1239 ab
933 1174 1011 1260 ipsis
1035 1175 1233 1241 innunabulis

184 1263 417 1332 Christianismi
437 1263 624 1328 observatus
641 1267 736 1340 esset,
752 1261 836 1346 quod
857 1267 1008 1328 testatur·
1018 1261 1232 1328 Tertullianus

184 1373 281 1436 supra
295 1350 395 1416 inlib.
415 1349 453 1414 de
474 1349 617 1414 θναιὶοιιι
636 1369 705 1433 oap.
720 1368 772 1434 23.
789 1347 875 1412 etde
896 1347 1013 1412 Oormso
1029 1367 1102 1434 esp.
1113 1367 1144 1433 3.
1161 1355 1233 1413 tnm

184 1437 283 1503 etiam
293 1435 477 1502 universalis
487 1434 611 1500 oonsilii
619 1435 749 1498 deoreto
763 1433 968 1500 oonlirmstns
978 1433 1083 1499 luerit.
1109 1434 1233 1500 Verum

184 1523 270 1610 apud
284 1521 408 1622 plebem
423 1521 647 1598 Christianam,
663 1520 753 1604 eujus
768 1520 908 1584 maxima
967 1541 1010 1598 rs,
1026 1520 1060 1585 in
1073 1521 1233 1586 intralibus

184 1608 333 1686 eodonis,
345 1607 413 1674 solo
427 1607 479 1672 die
501 1606 669 1672 Dominioo
689 1605 836 1691 preoibus
856 1606 922 1691 pub
936 1605 990 1670 'eis
1008 1606 1121 1671 adesse
1139 1606 1231 1686 solet,

184 1695 219 1759 id
244 1694 372 1780 quidem
396 1692 625 1780 poenitentibus
650 1698 684 1756 et
709 1691 892 1776 petentibus
917 1691 1021 1756 minus
1046 1691 1234 1757 eonveniens

185 1788 280 1860 esset,
296 1787 506 1866 utnusquam
517 1784 647 1844 orarent
658 1777 888 1862 volgonuavel
903 1799 1046 1863 corpora
1057 1777 1232 1855 flectentes,

185 1888 311 1952 semper
323 1873 433 1931 autem
446 1872 579 1930 stantes.
617 1863 681 1928 Sed
694 1863 763 1928 haee
777 1863 942 1928 haetenua
982 1864 1060 1928 Insu
1100 1884 1234 1928 roanon

186 1953 321 2017 omissus
335 1959 385 2018 est
399 1951 433 2016 in
446 1949 667 2036 antiquissima
680 1949 735 2014 ills
748 1948 1013 2034 interpretatione
1026 1973 1048 2016 a
1138 1949 1235 2014 erinis

186 2038 283 2116 edita,
298 2037 333 2102 in
347 2059 411 2122 qua
425 2037 570 2102 similiter
583 2043 681 2119 atque
695 2035 728 2098 in
742 2034 926 2100 oolleotione
940 2035 1152 2117 Quesnellena
1165 2035 1234 2100 sino

186 2123 389 2190 distinetione
403 2143 541 2188 oenones
555 2121 759 2186 Sardioenses
770 2120 906 2205 snbjeoti
920 2128 997 2187 sunt
1012 2121 1160 2186 Nioaenis.

231 2210 268 2274 P.
279 2211 354 2295 383.
370 2207 390 2272 l.
426 2257 434 2272 .
448 2210 522 2290 ὑπὲρ
536 2211 589 2272 τοῦ
602 2206 701 2271 πάντα
717 2209 750 2271 lv
764 2205 846 2286 ardo-p
859 2209 998 2292 παροικίᾳ
1015 2209 1122 2288 ὁμοίως
1134 2233 1232 2289 παρα·

187 2224 482 2380 φυλόπεσθαιῙςῙιιι
495 2293 596 2358 edidit
610 2292 801 2378 Beveregius
820 2293 853 2360 in
873 2293 1041 2379 Synodioo,
1057 2315 1154 2380 quam
1168 2293 1235 2378 qui·

188 2383 261 2448 dem
276 2382 467 2467 scripturam
480 2379 611 2445 firmant
625 2399 734 2446 omnes
747 2379 872 2444 oodioes
882 2379 997 2465 soripti
1011 2380 1186 2458 Bodleiani,
1202 2380 1235 2444 in

188 2465 910 2580 ouibusextatdnolossupodvldmodor,dum
917 2466 1012 2574 'vulgo
1020 2464 1234 2568 dolis-scotos,

188 2553 1236 2718 :ttl’ttttllttltnttlttztltlttttltlltlt

189 2746 283 2812 quem
314 2725 471 2790 Justellus
500 2724 666 2790 Universae
696 2724 846 2789 Eoolesiae
874 2724 1025 2809 appellnt,
1054 2726 1237 2825 habentque

188 2832 296 2877 vooem
306 2811 499 2874 communiter
507 2816 629 2874 veteres
638 2807 796 2874 versiones
806 2809 939 2887 Latinae,
951 2809 1108 2875 etTiliani
1120 2810 1238 2874 oodrois

189 2895 413 2980 interpretatio
423 2893 575 2958 similder.
610 2894 735 2958 Extant
746 2915 871 2980 quoqne
882 2894 968 2978 apud
978 2894 1140 2959 Gelasium
1149 2894 1236 2979 (lysi-

190 3003 302 3047 oenum
316 2981 414 3046 verba
427 2979 505 3058 haeo,
520 2981 595 3060 trip
609 2981 724 3052 τούτου,
735 2977 834 3042 πάντα
843 2981 951 3059 ὁμοίως
962 2981 996 3044 ἐν
1006 2979 1088 3068 πάσῃ
1099 2981 1237 3066 παροικίᾳ

190 3069 364 3150 ὁμοφρόνως
382 3065 596 3148 φυλάττεσθαι.
639 3063 740 3128 Silena
760 3063 800 3128 de
819 3069 892 3130 tota
912 3066 1072 3130 sententia
1088 3065 1122 3130 in
1144 3065 1237 3131 (tom-

190 3151 354 3218 mentsriis
368 3151 433 3216 suis
448 3151 591 3216 Zonaras
605 3155 639 3214 ot
654 3147 812 3214 Balssmo.
848 3150 951 3214 Porro
965 3158 1075 3217 antem
1088 3151 1182 3216 simili
1197 3152 1238 3216 de

191 3261 297 3316 eausa,
323 3236 543 3302 unanimitatis
563 3234 679 3323 gratia,
703 3234 866 3302 eonditum
887 3243 938 3301 est
958 3237 1001 3301 ab
1026 3237 1086 3302 hao
1105 3238 1237 3323 synodo,

192 3324 351 3411 quomodo
373 3323 471 3388 etiam
495 3323 605 3386 deoem
627 3329 704 3388 ante
726 3343 828 3388 annos
851 3322 893 3387 ab
916 3322 1099 3389 Arelatensi
1122 3324 1235 3410 prima,

193 3412 315 3476 eelebre
339 3410 379 3474 de
401 3409 527 3495 pesohae
550 3414 694 3508 tempore
713 3409 886 3486 decretum,
913 3409 999 3494 quod
1023 3409 1151 3495 quidem
1173 3431 1238 3475 non

192 3520 232 3562 ex
247 3497 323 3582 luga
337 3494 439 3560 solum
452 3494 640 3559 imitatioms
654 3493 678 3558 J
679 3493 800 3560 udaiaus
814 3494 1082 3580 profioiseebatur,
1098 3495 1154 3560 sed
1165 3518 1238 3560 oon·

193 3583 310 3648 stitnto
332 3582 387 3648 illa
407 3579 519 3667 regula
539 3587 599 3658 est,
622 3587 659 3646 ut
681 3580 853 3646 oonoonles
874 3602 984 3646 omnes
1009 3581 1184 3647 Christiani
1206 3581 1239 3649 in

193 3668 381 3734 celebrando
395 3673 489 3732 tanto
503 3666 586 3732 festo
600 3667 792 3741 evaderent;
816 3687 889 3731 oum
902 3667 1042 3752 alioquin
1052 3667 1165 3732 iisdem
1175 3667 1240 3732 die-

193 3755 254 3818 bus
268 3754 476 3839 oontingeret,
492 3759 530 3817 ut
543 3751 597 3817 alii
612 3751 739 3838 quidem
749 3751 871 3837 jo'unio
890 3752 1109 3839 antepasohali
1123 3753 1240 3819 intenti

193 3846 309 3917 essent,
324 3839 378 3904 alii
395 3859 469 3902 vero
490 3860 509 3902 e
530 3838 591 3902 ulis
612 3843 686 3922 post
707 3775 826 3922 passim
845 3837 947 3904 solitis
968 3861 1098 3926 operam
1115 3839 1239 3904 darent.

194 3925 288 3991 (lons.
305 3923 478 3990 Eusebium
552 3923 625 3987 Via
641 3923 832 3989 Gemonios·
848 3924 903 3990 lib.
920 3923 985 3989 ΙΙΙ.
1004 3948 1095 4012 oapp.
1131 3931 1193 3990 .et
1208 3926 1237 3989 8.

194 4017 292 4096 etque
312 4009 407 4094 hujus
425 4007 537 4094 synodi
560 4007 748 4093 Epistolam,
764 4029 836 4095 quae
857 4011 899 4075 ad
917 4010 1080 4076 eoolesiam
1144 4032 1241 4076 exan-

194 4095 320 4162 drinsm
344 4093 464 4179 soripts
491 4094 577 4178 apud
608 4093 772 4159 Soorstem
798 4101 831 4160 et
857 4095 1091 4162 Theodoretum
1116 4117 1241 4161 oonser-

195 4189 308 4257 vatur;
335 4181 418 4246 hano
438 4185 548 4244 sotem
561 4179 595 4243 in
611 4179 642 4245 A
665 4179 796 4266 pendioe
810 4179 933 4260 saltem,
948 4182 1009 4247 etsi
1028 4181 1061 4246 in
1076 4182 1241 4248 canonum

195 4267 247 4332 vix
258 4267 330 4332 ullis
341 4265 586 4335 (lolleotionibus
599 4203 710 4332 baiori
722 4273 915 4348 consuetam,
931 4267 1142 4334 oollooatums
1157 4289 1237 4334 sum.

810 658 983 744 oguntinus
1002 681 1086 724 nono
1104 681 1230 760 quoque
1366 714 1370 724 .
