3314 5190
385 487 451 554 DE
474 491 631 556 OPERE
655 492 720 556 ET
744 491 1098 559 ELEEMOSYNIS.
1201 497 1265 561 315

213 664 362 734 terrenis
387 663 554 748 coelestia,
579 687 643 758 pro
668 666 923 759 temporalibus
953 668 1176 760 sempiterna,
1201 693 1265 762 pro

212 779 361 851 modicis
386 801 516 873 magna
539 781 723 873 praestare!
749 781 874 853 offerre
899 805 964 854 nos
987 782 1096 866 Patri,
1120 787 1178 856 cui
1201 808 1265 858 nos

212 919 277 966 aua
305 894 583 966 sanctificatione
609 897 775 980 restituit,
802 898 1042 968 aeternitatem
1069 901 1170 972 nobis
1200 903 1266 972 im-

211 1011 538 1103 mortalitatemque
562 1011 690 1106 largiri,
717 1013 762 1083 ad
787 1036 894 1104 quam
919 1035 984 1084 nos
1010 1016 1190 1108 sanguinis
1211 1019 1265 1088 sui

184 1128 448 1206 sviviiicatione
470 1130 655 1221 reparavit,
682 1131 829 1201 reduces
854 1129 900 1200 ad
923 1130 1125 1222 paradisum
1148 1132 1265 1204 denuo

211 1243 337 1326 facere,
367 1267 476 1338 regna
505 1244 675 1316 eoelorum
703 1245 775 1316 fide
805 1253 842 1316 et
877 1247 1027 1318 veritate
1057 1271 1131 1318 suae
1161 1246 1266 1340 polli-

211 1360 389 1430 citationis
418 1361 575 1453 aperire!
614 1359 707 1433 Haec
736 1361 896 1433 haereant
925 1362 1075 1432 firmiter
1104 1363 1265 1434 sensibus

210 1476 348 1558 nostris,
365 1475 445 1546 haec
468 1474 714 1570 intelligantur
734 1475 840 1570 plena
860 1476 940 1560 fide,
958 1476 1037 1548 haec
1060 1478 1165 1548 eorde
1186 1486 1264 1549 toto

211 1589 412 1685 diligantur,
441 1591 520 1662 haec
549 1593 825 1664 indesinentium
856 1615 1004 1685 operum
1030 1593 1265 1686 magnanimi-

165 1714 287 1776 rotate
311 1709 539 1778 redimantur.
592 1705 764 1779 Praeclara
790 1717 827 1778 et
854 1708 973 1778 divina
1001 1730 1057 1778 res
1083 1705 1176 1803 (sor.
1207 1731 1264 1780 res

210 1823 290 1914 est),
324 1822 450 1894 fratres
483 1822 662 1905 cadssimi,
693 1821 856 1894 salutaris
890 1823 1059 1916 operatio,
1094 1823 1262 1895 solatium

208 1938 342 2030 grande
367 1939 598 2022 credentium,
625 1940 824 2011 securitatis
848 1948 976 2010 nostrae
1006 1938 1146 2010 salubre
1175 1961 1264 2032 prae-

209 2053 348 2136 sidium,
369 2055 632 2124 munimentum
655 2055 740 2146 spei,
763 2053 879 2126 tutela
900 2055 992 2137 fidei,
1018 2053 1160 2124 medela
1181 2075 1264 2148 pec-

209 2169 290 2252 cati,
307 2191 364 2240 res
385 2171 502 2264 posita
523 2171 561 2240 in
584 2177 763 2263 potestate
785 2170 959 2255 facientis,
980 2193 1037 2242 res
1060 2177 1098 2241 et
1119 2171 1263 2264 grandis

165 2293 249 2373 rset
274 2285 397 2370 facilis,
424 2288 501 2358 sine
523 2287 680 2380 periculo
705 2287 970 2380 pemeutionis
998 2307 1129 2358 corona
1155 2288 1262 2380 pacis,

209 2425 332 2475 verum
363 2403 433 2475 Dei
466 2425 596 2475 munus
625 2413 663 2476 et
691 2404 900 2487 maximum,
926 2403 1074 2476 infirmis
1103 2425 1263 2475 necessa·

208 2519 310 2602 rium,
340 2518 490 2591 fortibus
519 2517 733 2614 gloriosum
765 2541 837 2612 quo
867 2518 1088 2592 concinnus
1117 2518 1260 2612 adjutus

207 2637 340 2728 perfert
361 2638 512 2731 gratiam
533 2635 737 2730 spiritalem,
758 2645 982 2730 promeretur
1002 2635 1184 2708 Christum
1200 2637 1261 2729 ju·

207 2753 335 2836 dicem,
359 2752 479 2826 Deum
503 2762 690 2847 computat
714 2754 923 2826 debitorem.
975 2752 1037 2824 Ad
1059 2752 1150 2824 hane
1176 2776 1260 2848 ope-

163 2888 287 2937 rorum
313 2866 519 2938 salutarium
541 2868 696 2962 palmam
719 2867 873 2940 libenter
894 2889 936 2940 ac
960 2875 1124 2959 prompte
1147 2875 1260 2939 certe·

208 3003 298 3065 mus,
315 3005 438 3054 omnes
460 2985 498 3054 in
521 3007 635 3078 agone
652 2984 805 3075 justitiae
830 2982 909 3054 Deo
932 2991 971 3052 et
995 2981 1138 3053 Christo
1161 3003 1261 3074 spec·

207 3105 310 3170 tante
337 3119 528 3184 curramus,
558 3107 596 3172 et
625 3099 687 3192 qui
716 3097 848 3170 saeculo
876 3105 915 3168 et
944 3096 1079 3168 mundo
1108 3097 1259 3188 maiores

208 3237 286 3288 esse
302 3217 380 3310 jam
402 3217 583 3310 coepimus,
605 3235 748 3287 cursum
769 3221 929 3285 nostrum
952 3211 1053 3284 nulla
1075 3211 1197 3284 saeeuli
1220 3219 1259 3283 et

207 3333 331 3404 mundi
348 3333 543 3426 cupiditate
559 3332 750 3404 tardemus.
797 3329 837 3402 si
854 3331 1050 3424 expeditos,
1068 3331 1097 3400 si
1114 3328 1257 3412 celeres,

162 3450 237 3533 assi
266 3451 304 3520 in
332 3449 401 3521 hoc
425 3450 541 3543 operis
557 3437 684 3544 ‘agone
712 3455 893 3520 currentes
921 3447 997 3518 dies
1026 3467 1091 3517 nos
1121 3444 1178 3516 rel
1203 3467 1258 3516 re-

208 3565 351 3638 ditionis
386 3564 443 3636 rel
472 3564 725 3660 persecutionis
760 3563 945 3645 invenerit,
974 3582 1149 3652 nmquam
1184 3559 1258 3630 Do-

207 3683 325 3752 minus
349 3681 485 3754 meritis
506 3681 636 3754 nostris
657 3680 702 3752 ad
724 3679 909 3772 premium
926 3677 1050 3749 deerit.
1102 3675 1147 3746 In
1169 3699 1257 3768 pace

208 3797 432 3870 vincentibus
455 3819 622 3869 coronam
647 3794 833 3868 candidam
862 3817 926 3888 pro
951 3791 1116 3887 operibus
1146 3791 1255 3874 dabit,

207 3914 245 3985 in
261 3915 506 4010 penecuticne
522 3935 735 4008 purpuream
752 3935 816 4006 pro
832 3912 994 4005 passione
1009 3907 1215 4004 geminabit.
