<?xml version="1.0" encoding="UTF-8"?>
<!DOCTYPE html PUBLIC "-//W3C//DTD XHTML 1.0 Transitional//EN"
    "http://www.w3.org/TR/xhtml1/DTD/xhtml1-transitional.dtd">
<html xmlns="http://www.w3.org/1999/xhtml" xml:lang="en" lang="en">
 <head>
  <title>
</title>
<meta http-equiv="Content-Type" content="text/html;charset=utf-8" />
  <meta name='ocr-system' content='tesseract 3.04.00' />
  <meta name='ocr-capabilities' content='ocr_page ocr_carea ocr_par ocr_line ocrx_word'/>
</head>
<body>
  <div class='ocr_page' id='page_1' title='image "./scriptorumeccle00routgoog_0063.png"; bbox 0 0 3310 5224; ppageno 0'>
   <div class='ocr_carea' id='block_1_1' title="bbox 765 477 1144 541">
    <p class='ocr_par' dir='ltr' id='par_1_1' title="bbox 765 477 1144 541">
     <span class='ocr_line' id='line_1_1' title="bbox 765 477 1144 541; baseline -0.003 0"><span class='ocrx_word' id='word_1_1' title='bbox 765 479 798 541; x_wconf 93' lang='lat' dir='ltr'><strong>S.</strong></span> <span class='ocrx_word' id='word_1_2' title='bbox 820 477 1144 541; x_wconf 87' lang='lat' dir='ltr'><strong>HIPPOLYTUS.</strong></span> 
     </span>
    </p>
   </div>
   <div class='ocr_carea' id='block_1_2' title="bbox 595 706 1316 799">
    <p class='ocr_par' dir='ltr' id='par_1_2' title="bbox 595 706 1316 799">
     <span class='ocr_line' id='line_1_2' title="bbox 595 706 1316 799; baseline -0.001 -33"><span class='ocrx_word' id='word_1_3' title='bbox 595 706 723 769; x_wconf 89' lang='lat' dir='ltr'><strong>JOAN.</strong></span> <span class='ocrx_word' id='word_1_4' title='bbox 745 706 938 766; x_wconf 82' lang='lat' dir='ltr'><strong>ALBERTI</strong></span> <span class='ocrx_word' id='word_1_5' title='bbox 961 707 1156 799; x_wconf 77' lang='lat' dir='ltr'><strong>FABRICII</strong></span> <span class='ocrx_word' id='word_1_6' title='bbox 1178 707 1316 769; x_wconf 84' lang='lat' dir='ltr'><strong>NOTAE.</strong></span> 
     </span>
    </p>
   </div>
   <div class='ocr_carea' id='block_1_3' title="bbox 426 821 1477 2262">
    <p class='ocr_par' dir='ltr' id='par_1_3' title="bbox 426 821 1477 2262">
     <span class='ocr_line' id='line_1_3' title="bbox 470 821 1477 903; baseline 0 -19"><span class='ocrx_word' id='word_1_7' title='bbox 470 824 644 884; x_wconf 75' lang='lat' dir='ltr'><strong>¹Eusebius</strong></span> <span class='ocrx_word' id='word_1_8' title='bbox 658 823 715 883; x_wconf 91' lang='lat' dir='ltr'><strong>VI.</strong></span> <span class='ocrx_word' id='word_1_9' title='bbox 734 843 781 884; x_wconf 82' lang='lat' dir='ltr'><strong>co.</strong></span> <span class='ocrx_word' id='word_1_10' title='bbox 805 833 872 902; x_wconf 89' lang='lat' dir='ltr'><strong>post</strong></span> <span class='ocrx_word' id='word_1_11' title='bbox 887 821 1039 903; x_wconf 91' lang='lat' dir='ltr'><strong>Beryllum</strong></span> <span class='ocrx_word' id='word_1_12' title='bbox 1057 833 1329 883; x_wconf 78' lang='lat' dir='ltr'><strong>commemoratum:</strong></span> <span class='ocrx_word' id='word_1_13' title='bbox 1352 823 1477 884; x_wconf 62' lang='lat' dir='ltr'><strong>bocboc</strong></span> 
     </span>
     <span class='ocr_line' id='line_1_4' title="bbox 428 921 1475 996; baseline -0.001 -13"><span class='ocrx_word' id='word_1_14' title='bbox 428 929 458 983; x_wconf 71' lang='lat' dir='ltr'><strong>bs*</strong></span> <span class='ocrx_word' id='word_1_15' title='bbox 473 927 514 982; x_wconf 77' lang='lat' dir='ltr'><strong>sul</strong></span> <span class='ocrx_word' id='word_1_16' title='bbox 525 924 680 982; x_wconf 73' lang='grc' dir='ltr'><strong>Ἰπάλιτοτ</strong></span> <span class='ocrx_word' id='word_1_17' title='bbox 693 925 782 996; x_wconf 79' lang='lat' dir='ltr'><strong>lrc&#39;pus</strong></span> <span class='ocrx_word' id='word_1_18' title='bbox 799 943 851 978; x_wconf 82' lang='grc' dir='ltr'><strong>που</strong></span> <span class='ocrx_word' id='word_1_19' title='bbox 870 923 910 978; x_wconf 73' lang='grc' dir='ltr'><strong>καὶ</strong></span> <span class='ocrx_word' id='word_1_20' title='bbox 929 923 1007 980; x_wconf 79' lang='lat' dir='ltr'><strong>cdrds</strong></span> <span class='ocrx_word' id='word_1_21' title='bbox 1026 925 1164 995; x_wconf 68' lang='lat' dir='ltr'><strong>npcmsbs</strong></span> <span class='ocrx_word' id='word_1_22' title='bbox 1182 923 1327 992; x_wconf 65' lang='lat' dir='ltr'><strong>ludovius.</strong></span> <span class='ocrx_word' id='word_1_23' title='bbox 1370 921 1475 982; x_wconf 73' lang='lat' dir='ltr'><strong>Varias</strong></span> 
     </span>
     <span class='ocr_line' id='line_1_5' title="bbox 427 1016 1477 1097; baseline -0.006 -15"><span class='ocrx_word' id='word_1_24' title='bbox 427 1033 559 1082; x_wconf 83' lang='lat' dir='ltr'><strong>veterum</strong></span> <span class='ocrx_word' id='word_1_25' title='bbox 573 1030 604 1078; x_wconf 93' lang='lat' dir='ltr'><strong>et</strong></span> <span class='ocrx_word' id='word_1_26' title='bbox 618 1018 779 1078; x_wconf 89' lang='lat' dir='ltr'><strong>recentium</strong></span> <span class='ocrx_word' id='word_1_27' title='bbox 794 1017 831 1077; x_wconf 94' lang='lat' dir='ltr'><strong>de</strong></span> <span class='ocrx_word' id='word_1_28' title='bbox 845 1017 910 1077; x_wconf 89' lang='lat' dir='ltr'><strong>loco</strong></span> <span class='ocrx_word' id='word_1_29' title='bbox 924 1017 1109 1097; x_wconf 71' lang='lat' dir='ltr'><strong>episcopatus</strong></span> <span class='ocrx_word' id='word_1_30' title='bbox 1126 1016 1295 1097; x_wconf 81' lang='lat' dir='ltr'><strong>Hippolyti,</strong></span> <span class='ocrx_word' id='word_1_31' title='bbox 1309 1037 1396 1097; x_wconf 91' lang='lat' dir='ltr'><strong>quem</strong></span> <span class='ocrx_word' id='word_1_32' title='bbox 1413 1018 1477 1076; x_wconf 87' lang='lat' dir='ltr'><strong>Eu·</strong></span> 
     </span>
     <span class='ocr_line' id='line_1_6' title="bbox 426 1113 1474 1196; baseline -0.004 -17"><span class='ocrx_word' id='word_1_33' title='bbox 426 1119 523 1180; x_wconf 88' lang='lat' dir='ltr'><strong>sebius</strong></span> <span class='ocrx_word' id='word_1_34' title='bbox 538 1128 569 1176; x_wconf 92' lang='lat' dir='ltr'><strong>et</strong></span> <span class='ocrx_word' id='word_1_35' title='bbox 588 1117 789 1196; x_wconf 76' lang='lat' dir='ltr'>Hieronymus</span> <span class='ocrx_word' id='word_1_36' title='bbox 806 1115 987 1194; x_wconf 75' lang='lat' dir='ltr'><strong>iguorsruut</strong></span> <span class='ocrx_word' id='word_1_37' title='bbox 1006 1113 1212 1174; x_wconf 79' lang='lat' dir='ltr'><strong>heriolstioues</strong></span> <span class='ocrx_word' id='word_1_38' title='bbox 1230 1114 1356 1194; x_wconf 75' lang='lat' dir='ltr'><strong>praemisi</strong></span> <span class='ocrx_word' id='word_1_39' title='bbox 1374 1114 1474 1195; x_wconf 87' lang='lat' dir='ltr'><strong>Opus-</strong></span> 
     </span>
     <span class='ocr_line' id='line_1_7' title="bbox 428 1210 1475 1292; baseline -0.003 -17"><span class='ocrx_word' id='word_1_40' title='bbox 428 1214 502 1275; x_wconf 91' lang='lat' dir='ltr'><strong>culis</strong></span> <span class='ocrx_word' id='word_1_41' title='bbox 514 1214 606 1274; x_wconf 79' lang='lat' dir='ltr'><strong>suncti</strong></span> <span class='ocrx_word' id='word_1_42' title='bbox 620 1212 765 1292; x_wconf 86' lang='lat' dir='ltr'><strong>murtyris,</strong></span> <span class='ocrx_word' id='word_1_43' title='bbox 776 1231 842 1291; x_wconf 80' lang='lat' dir='ltr'><strong>quse</strong></span> <span class='ocrx_word' id='word_1_44' title='bbox 853 1210 974 1272; x_wconf 83' lang='lat' dir='ltr'><strong>collecte</strong></span> <span class='ocrx_word' id='word_1_45' title='bbox 984 1211 1110 1290; x_wconf 89' lang='lat' dir='ltr'><strong>junctim</strong></span> <span class='ocrx_word' id='word_1_46' title='bbox 1123 1210 1202 1272; x_wconf 91' lang='lat' dir='ltr'><strong>edidi</strong></span> <span class='ocrx_word' id='word_1_47' title='bbox 1213 1211 1376 1291; x_wconf 80' lang='lat' dir='ltr'><strong>Hamburg.</strong></span> <span class='ocrx_word' id='word_1_48' title='bbox 1389 1213 1475 1288; x_wconf 81' lang='lat'><strong>1716.</strong></span> 
     </span>
     <span class='ocr_line' id='line_1_8' title="bbox 428 1307 1476 1389; baseline -0.002 -18"><span class='ocrx_word' id='word_1_49' title='bbox 428 1322 459 1372; x_wconf 90' lang='lat' dir='ltr'><strong>et</strong></span> <span class='ocrx_word' id='word_1_50' title='bbox 478 1311 564 1387; x_wconf 86' lang='lat'><strong>1718.</strong></span> <span class='ocrx_word' id='word_1_51' title='bbox 580 1310 694 1369; x_wconf 90' lang='lat' dir='ltr'><strong>duobus</strong></span> <span class='ocrx_word' id='word_1_52' title='bbox 712 1308 808 1389; x_wconf 86' lang='lat' dir='ltr'><strong>purvis</strong></span> <span class='ocrx_word' id='word_1_53' title='bbox 822 1308 910 1368; x_wconf 89' lang='lat' dir='ltr'><strong>tomis</strong></span> <span class='ocrx_word' id='word_1_54' title='bbox 929 1308 960 1366; x_wconf 92' lang='lat' dir='ltr'><strong>in</strong></span> <span class='ocrx_word' id='word_1_55' title='bbox 974 1307 1027 1368; x_wconf 87' lang='lat' dir='ltr'><strong>fol.</strong></span> <span class='ocrx_word' id='word_1_56' title='bbox 1051 1308 1239 1368; x_wconf 64' lang='lat' dir='ltr'><strong>ursmarus.</strong></span> <span class='ocrx_word' id='word_1_57' title='bbox 1283 1309 1366 1369; x_wconf 87' lang='lat' dir='ltr'><strong>Inter</strong></span> <span class='ocrx_word' id='word_1_58' title='bbox 1382 1311 1476 1370; x_wconf 82' lang='lat' dir='ltr'><strong>vsriss</strong></span> 
     </span>
     <span class='ocr_line' id='line_1_9' title="bbox 427 1405 1476 1488; baseline -0.002 -20"><span class='ocrx_word' id='word_1_59' title='bbox 427 1420 558 1468; x_wconf 79' lang='lat' dir='ltr'><strong>vetemus</strong></span> <span class='ocrx_word' id='word_1_60' title='bbox 573 1418 604 1466; x_wconf 93' lang='lat' dir='ltr'><strong>et</strong></span> <span class='ocrx_word' id='word_1_61' title='bbox 618 1407 811 1466; x_wconf 87' lang='lat' dir='ltr'><strong>recentiorum</strong></span> <span class='ocrx_word' id='word_1_62' title='bbox 825 1405 984 1465; x_wconf 87' lang='lat' dir='ltr'><strong>sententias</strong></span> <span class='ocrx_word' id='word_1_63' title='bbox 1000 1405 1038 1466; x_wconf 87' lang='lat' dir='ltr'><strong>de</strong></span> <span class='ocrx_word' id='word_1_64' title='bbox 1052 1405 1181 1474; x_wconf 87' lang='lat' dir='ltr'><strong>ecclesis,</strong></span> <span class='ocrx_word' id='word_1_65' title='bbox 1196 1425 1282 1485; x_wconf 91' lang='lat' dir='ltr'><strong>qusm</strong></span> <span class='ocrx_word' id='word_1_66' title='bbox 1292 1405 1476 1488; x_wconf 76' lang='lat' dir='ltr'><strong>Hippolytus</strong></span> 
     </span>
     <span class='ocr_line' id='line_1_10' title="bbox 427 1502 1473 1582; baseline -0.002 -16"><span class='ocrx_word' id='word_1_67' title='bbox 427 1506 566 1574; x_wconf 79' lang='lat' dir='ltr'><strong>obtinuit,</strong></span> <span class='ocrx_word' id='word_1_68' title='bbox 580 1503 630 1563; x_wconf 87' lang='lat' dir='ltr'><strong>illc</strong></span> <span class='ocrx_word' id='word_1_69' title='bbox 643 1502 827 1563; x_wconf 76' lang='lat' dir='ltr'><strong>verisimilior</strong></span> <span class='ocrx_word' id='word_1_70' title='bbox 840 1502 1040 1571; x_wconf 84' lang='lat' dir='ltr'><strong>videturesse,</strong></span> <span class='ocrx_word' id='word_1_71' title='bbox 1055 1522 1122 1582; x_wconf 83' lang='lat' dir='ltr'><strong>quse</strong></span> <span class='ocrx_word' id='word_1_72' title='bbox 1135 1511 1204 1563; x_wconf 83' lang='lat' dir='ltr'><strong>eum</strong></span> <span class='ocrx_word' id='word_1_73' title='bbox 1219 1503 1328 1564; x_wconf 91' lang='lat' dir='ltr'><strong>Portus</strong></span> <span class='ocrx_word' id='word_1_74' title='bbox 1339 1503 1473 1578; x_wconf 75' lang='lat' dir='ltr'><strong>Romul,</strong></span> 
     </span>
     <span class='ocr_line' id='line_1_11' title="bbox 427 1599 1475 1680; baseline -0.002 -17"><span class='ocrx_word' id='word_1_75' title='bbox 427 1623 487 1663; x_wconf 89' lang='lat' dir='ltr'><strong>nou</strong></span> <span class='ocrx_word' id='word_1_76' title='bbox 515 1602 552 1662; x_wconf 92' lang='lat' dir='ltr'><strong>sd</strong></span> <span class='ocrx_word' id='word_1_77' title='bbox 580 1601 665 1660; x_wconf 89' lang='lat' dir='ltr'><strong>Ostis</strong></span> <span class='ocrx_word' id='word_1_78' title='bbox 688 1599 839 1680; x_wconf 83' lang='lat' dir='ltr'><strong>Tyberim,</strong></span> <span class='ocrx_word' id='word_1_79' title='bbox 863 1599 915 1660; x_wconf 88' lang='lat' dir='ltr'><strong>scd</strong></span> <span class='ocrx_word' id='word_1_80' title='bbox 942 1599 1063 1660; x_wconf 90' lang='lat' dir='ltr'><strong>celebris</strong></span> <span class='ocrx_word' id='word_1_81' title='bbox 1090 1601 1146 1660; x_wconf 91' lang='lat' dir='ltr'><strong>hoc</strong></span> <span class='ocrx_word' id='word_1_82' title='bbox 1171 1600 1288 1659; x_wconf 89' lang='lat' dir='ltr'><strong>nomine</strong></span> <span class='ocrx_word' id='word_1_83' title='bbox 1312 1601 1343 1659; x_wconf 90' lang='lat' dir='ltr'><strong>iu</strong></span> <span class='ocrx_word' id='word_1_84' title='bbox 1366 1601 1475 1661; x_wconf 74' lang='lat' dir='ltr'><strong>Arabia</strong></span> 
     </span>
     <span class='ocr_line' id='line_1_12' title="bbox 427 1696 1475 1780; baseline -0.007 -20"><span class='ocrx_word' id='word_1_85' title='bbox 427 1699 560 1780; x_wconf 87' lang='lat' dir='ltr'><strong>emporii,</strong></span> <span class='ocrx_word' id='word_1_86' title='bbox 578 1698 666 1757; x_wconf 90' lang='lat' dir='ltr'><strong>bodie</strong></span> <span class='ocrx_word' id='word_1_87' title='bbox 680 1699 788 1768; x_wconf 82' lang='lat' dir='ltr'><strong>Adeon,</strong></span> <span class='ocrx_word' id='word_1_88' title='bbox 802 1697 970 1777; x_wconf 89' lang='lat' dir='ltr'><strong>episcopum</strong></span> <span class='ocrx_word' id='word_1_89' title='bbox 990 1698 1070 1757; x_wconf 87' lang='lat' dir='ltr'><strong>facit.</strong></span> <span class='ocrx_word' id='word_1_90' title='bbox 1112 1696 1272 1757; x_wconf 85' lang='lat' dir='ltr'><strong>Abulidem</strong></span> <span class='ocrx_word' id='word_1_91' title='bbox 1292 1697 1394 1758; x_wconf 74' lang='grc' dir='ltr'><strong><em>Βαιηα</em></strong></span> <span class='ocrx_word' id='word_1_92' title='bbox 1412 1698 1475 1779; x_wconf 89' lang='lat' dir='ltr'><strong>epi.</strong></span> 
     </span>
     <span class='ocr_line' id='line_1_13' title="bbox 427 1793 1473 1876; baseline 0 -22"><span class='ocrx_word' id='word_1_93' title='bbox 427 1815 546 1876; x_wconf 90' lang='lat' dir='ltr'><strong>scopum</strong></span> <span class='ocrx_word' id='word_1_94' title='bbox 567 1794 681 1854; x_wconf 75' lang='lat' dir='ltr'><strong>Arabes</strong></span> <span class='ocrx_word' id='word_1_95' title='bbox 705 1805 819 1863; x_wconf 81' lang='lat' dir='ltr'><strong>vocant,</strong></span> <span class='ocrx_word' id='word_1_96' title='bbox 839 1794 911 1854; x_wconf 90' lang='lat' dir='ltr'><strong>Vid.</strong></span> <span class='ocrx_word' id='word_1_97' title='bbox 931 1793 1103 1873; x_wconf 80' lang='lat' dir='ltr'><strong>Cstslcgum</strong></span> <span class='ocrx_word' id='word_1_98' title='bbox 1132 1793 1290 1872; x_wconf 80' lang='lat' dir='ltr'><strong>Hbedjesu,</strong></span> <span class='ocrx_word' id='word_1_99' title='bbox 1312 1815 1376 1875; x_wconf 90' lang='lat' dir='ltr'><strong>csp.</strong></span> <span class='ocrx_word' id='word_1_100' title='bbox 1398 1795 1473 1855; x_wconf 87' lang='lat' dir='ltr'><strong>VII.</strong></span> 
     </span>
     <span class='ocr_line' id='line_1_14' title="bbox 428 1890 1474 1973; baseline 0 -21"><span class='ocrx_word' id='word_1_101' title='bbox 428 1893 646 1962; x_wconf 61' lang='lat' dir='ltr'><strong>vamum,</strong></span> <span class='ocrx_word' id='word_1_102' title='bbox 669 1904 740 1951; x_wconf 94' lang='lat' dir='ltr'><strong>tom.</strong></span> <span class='ocrx_word' id='word_1_103' title='bbox 756 1891 799 1949; x_wconf 91' lang='lat'><strong>11.</strong></span> <span class='ocrx_word' id='word_1_104' title='bbox 825 1891 957 1970; x_wconf 89' lang='lat' dir='ltr'><strong>Operum</strong></span> <span class='ocrx_word' id='word_1_105' title='bbox 983 1891 1015 1950; x_wconf 89' lang='lat' dir='ltr'><strong>S.</strong></span> <span class='ocrx_word' id='word_1_106' title='bbox 1032 1891 1217 1971; x_wconf 84' lang='lat' dir='ltr'><strong>Hieronymi.</strong></span> <span class='ocrx_word' id='word_1_107' title='bbox 1261 1890 1474 1973; x_wconf 88' lang='lat' dir='ltr'><strong>(Hippolytum</strong></span> 
     </span>
     <span class='ocr_line' id='line_1_15' title="bbox 427 1985 1474 2067; baseline 0 -19"><span class='ocrx_word' id='word_1_108' title='bbox 427 1989 560 2048; x_wconf 84' lang='lat' dir='ltr'><strong>Arsbum</strong></span> <span class='ocrx_word' id='word_1_109' title='bbox 581 1985 752 2067; x_wconf 88' lang='lat' dir='ltr'><strong>metropolis</strong></span> <span class='ocrx_word' id='word_1_110' title='bbox 773 1988 942 2067; x_wconf 89' lang='lat' dir='ltr'><strong>episcopum</strong></span> <span class='ocrx_word' id='word_1_111' title='bbox 967 1987 1067 2056; x_wconf 84' lang='lat' dir='ltr'><strong>fuisse,</strong></span> <span class='ocrx_word' id='word_1_112' title='bbox 1089 1987 1182 2047; x_wconf 76' lang='lat' dir='ltr'><strong>literIs</strong></span> <span class='ocrx_word' id='word_1_113' title='bbox 1201 1987 1348 2048; x_wconf 79' lang='lat' dir='ltr'><strong>mundavit</strong></span> <span class='ocrx_word' id='word_1_114' title='bbox 1369 1988 1474 2048; x_wconf 74' lang='lat' dir='ltr'><strong>seculo</strong></span> 
     </span>
     <span class='ocr_line' id='line_1_16' title="bbox 426 2083 1475 2165; baseline 0.001 -21"><span class='ocrx_word' id='word_1_115' title='bbox 426 2085 530 2165; x_wconf 90' lang='lat' dir='ltr'><strong>quinto</strong></span> <span class='ocrx_word' id='word_1_116' title='bbox 561 2084 696 2145; x_wconf 86' lang='lat' dir='ltr'><strong>Gelasius</strong></span> <span class='ocrx_word' id='word_1_117' title='bbox 723 2104 798 2164; x_wconf 86' lang='lat' dir='ltr'><strong>psps</strong></span> <span class='ocrx_word' id='word_1_118' title='bbox 831 2084 981 2144; x_wconf 74' lang='lat' dir='ltr'><strong>Romanum</strong></span> <span class='ocrx_word' id='word_1_119' title='bbox 1009 2085 1039 2142; x_wconf 92' lang='lat' dir='ltr'><strong>in</strong></span> <span class='ocrx_word' id='word_1_120' title='bbox 1076 2083 1252 2144; x_wconf 76' lang='lat' dir='ltr'><strong>testimoniis</strong></span> <span class='ocrx_word' id='word_1_121' title='bbox 1280 2087 1327 2144; x_wconf 86' lang='lat' dir='ltr'><strong>De</strong></span> <span class='ocrx_word' id='word_1_122' title='bbox 1355 2087 1475 2145; x_wconf 76' lang='lat' dir='ltr'><strong>Duabus</strong></span> 
     </span>
     <span class='ocr_line' id='line_1_17' title="bbox 427 2180 1471 2262; baseline 0.002 -22"><span class='ocrx_word' id='word_1_123' title='bbox 427 2183 546 2242; x_wconf 82' lang='lat' dir='ltr'><strong>Nutun&#39;s</strong></span> <span class='ocrx_word' id='word_1_124' title='bbox 571 2185 600 2240; x_wconf 79' lang='lat' dir='ltr'><strong>io</strong></span> <span class='ocrx_word' id='word_1_125' title='bbox 625 2183 743 2250; x_wconf 71' lang='lat' dir='ltr'><strong>christo,</strong></span> <span class='ocrx_word' id='word_1_126' title='bbox 769 2194 841 2241; x_wconf 92' lang='lat' dir='ltr'><strong>tom.</strong></span> <span class='ocrx_word' id='word_1_127' title='bbox 864 2180 956 2240; x_wconf 92' lang='lat' dir='ltr'><strong>VIII.</strong></span> <span class='ocrx_word' id='word_1_128' title='bbox 986 2181 1116 2239; x_wconf 74' lang='lat' dir='ltr'><strong>Btbbotb.</strong></span> <span class='ocrx_word' id='word_1_129' title='bbox 1142 2182 1204 2238; x_wconf 89' lang='lat' dir='ltr'><strong>PP.</strong></span> <span class='ocrx_word' id='word_1_130' title='bbox 1229 2181 1299 2240; x_wconf 93' lang='lat' dir='ltr'><strong>edit.</strong></span> <span class='ocrx_word' id='word_1_131' title='bbox 1324 2182 1420 2262; x_wconf 76' lang='lat' dir='ltr'><strong>Lugd.</strong></span> <span class='ocrx_word' id='word_1_132' title='bbox 1441 2203 1471 2262; x_wconf 91' lang='lat' dir='ltr'><strong>p.</strong></span> 
     </span>
    </p>
   </div>
   <div class='ocr_carea' id='block_1_4' title="bbox 350 2283 1474 4488">
    <p class='ocr_par' dir='ltr' id='par_1_4' title="bbox 429 2283 512 2358">
     <span class='ocr_line' id='line_1_18' title="bbox 429 2283 512 2358; baseline -0.06 0"><span class='ocrx_word' id='word_1_133' title='bbox 429 2283 512 2358; x_wconf 55' lang='grc' dir='ltr'><strong>νῦν)</strong></span> 
     </span>
    </p>

    <p class='ocr_par' dir='ltr' id='par_1_5' title="bbox 424 2376 1474 3040">
     <span class='ocr_line' id='line_1_19' title="bbox 466 2376 1473 2453; baseline -0.001 -14"><span class='ocrx_word' id='word_1_134' title='bbox 466 2376 607 2438; x_wconf 62' lang='grc' dir='ltr'><strong>1Ἔτιοθὶ).</strong></span> <span class='ocrx_word' id='word_1_135' title='bbox 623 2378 681 2439; x_wconf 90' lang='lat' dir='ltr'><strong>VI.</strong></span> <span class='ocrx_word' id='word_1_136' title='bbox 696 2395 744 2437; x_wconf 70' lang='grc' dir='ltr'><strong>Μ.</strong></span> <span class='ocrx_word' id='word_1_137' title='bbox 769 2383 835 2435; x_wconf 78' lang='grc' dir='ltr'><strong><em>Τότε</em></strong></span> <span class='ocrx_word' id='word_1_138' title='bbox 848 2381 913 2450; x_wconf 70' lang='grc' dir='ltr'><strong><em>δῆτα</em></strong></span> <span class='ocrx_word' id='word_1_139' title='bbox 929 2382 971 2436; x_wconf 76' lang='grc' dir='ltr'><strong>καὶ</strong></span> <span class='ocrx_word' id='word_1_140' title='bbox 982 2379 1138 2437; x_wconf 72' lang='grc' dir='ltr'><strong>Ἱππόλυτος</strong></span> <span class='ocrx_word' id='word_1_141' title='bbox 1156 2381 1307 2437; x_wconf 72' lang='grc' dir='ltr'><strong><em>συντάττων</em></strong></span> <span class='ocrx_word' id='word_1_142' title='bbox 1319 2382 1385 2453; x_wconf 64' lang='grc' dir='ltr'><strong>μετά</strong></span> <span class='ocrx_word' id='word_1_143' title='bbox 1397 2383 1473 2438; x_wconf 65' lang='lat' dir='ltr'><strong>ndei.</strong></span> 
     </span>
     <span class='ocr_line' id='line_1_20' title="bbox 425 2475 1474 2553; baseline 0.002 -20"><span class='ocrx_word' id='word_1_144' title='bbox 425 2499 498 2534; x_wconf 77' lang='grc' dir='ltr'><strong><em>στων</em></strong></span> <span class='ocrx_word' id='word_1_145' title='bbox 506 2477 596 2533; x_wconf 69' lang='lat' dir='ltr'><strong>mcv</strong></span> <span class='ocrx_word' id='word_1_146' title='bbox 606 2478 793 2548; x_wconf 66' lang='grc' dir='ltr'><strong>ὑπομνημάτων</strong></span> <span class='ocrx_word' id='word_1_147' title='bbox 801 2478 882 2532; x_wconf 78' lang='grc' dir='ltr'><strong><em>καὶτὸ</em></strong></span> <span class='ocrx_word' id='word_1_148' title='bbox 892 2478 952 2550; x_wconf 73' lang='grc' dir='ltr'><strong>περὶ</strong></span> <span class='ocrx_word' id='word_1_149' title='bbox 962 2481 1010 2532; x_wconf 66' lang='lat' dir='ltr'><strong>roi»</strong></span> <span class='ocrx_word' id='word_1_150' title='bbox 1019 2478 1114 2548; x_wconf 81' lang='grc' dir='ltr'><strong><em>πάσχα</em></strong></span> <span class='ocrx_word' id='word_1_151' title='bbox 1121 2477 1259 2548; x_wconf 74' lang='lat' dir='ltr'><strong>nunciorus</strong></span> <span class='ocrx_word' id='word_1_152' title='bbox 1269 2475 1436 2553; x_wconf 69' lang='grc' dir='ltr'><strong><em>αι’νῃραμμα,</em></strong></span> <span class='ocrx_word' id='word_1_153' title='bbox 1445 2481 1474 2535; x_wconf 77' lang='grc' dir='ltr'><strong>ἐν</strong></span> 
     </span>
     <span class='ocr_line' id='line_1_21' title="bbox 425 2569 1474 2651; baseline 0.001 -20"><span class='ocrx_word' id='word_1_154' title='bbox 425 2569 448 2651; x_wconf 67' lang='grc' dir='ltr'><em>ᾇ</em></span> <span class='ocrx_word' id='word_1_155' title='bbox 460 2576 507 2646; x_wconf 70' lang='grc' dir='ltr'><strong>τὴν</strong></span> <span class='ocrx_word' id='word_1_156' title='bbox 519 2580 571 2631; x_wconf 71' lang='lat' dir='ltr'><strong>reis</strong></span> <span class='ocrx_word' id='word_1_157' title='bbox 583 2577 685 2649; x_wconf 77' lang='grc' dir='ltr'><strong><em>χρόνον</em></strong></span> <span class='ocrx_word' id='word_1_158' title='bbox 693 2574 845 2649; x_wconf 65' lang='grc' dir='ltr'><strong><em>άνηραφὴν</em></strong></span> <span class='ocrx_word' id='word_1_159' title='bbox 855 2575 997 2646; x_wconf 68' lang='grc' dir='ltr'><strong><em>ἐκθέμενος,</em></strong></span> <span class='ocrx_word' id='word_1_160' title='bbox 1009 2573 1052 2630; x_wconf 71' lang='grc' dir='ltr'><strong>καί</strong></span> <span class='ocrx_word' id='word_1_161' title='bbox 1060 2597 1118 2630; x_wconf 81' lang='grc' dir='ltr'><strong><em>τινα</em></strong></span> <span class='ocrx_word' id='word_1_162' title='bbox 1128 2572 1220 2630; x_wconf 73' lang='lat' dir='ltr'><strong>surdus</strong></span> <span class='ocrx_word' id='word_1_163' title='bbox 1229 2576 1474 2650; x_wconf 71' lang='lat' dir='ltr'><strong>dsscsdesuetqpidos</strong></span> 
     </span>
     <span class='ocr_line' id='line_1_22' title="bbox 424 2670 1474 2744; baseline 0 -18"><span class='ocrx_word' id='word_1_164' title='bbox 424 2672 544 2744; x_wconf 70' lang='grc' dir='ltr'><strong><em>περὶτοῦ</em></strong></span> <span class='ocrx_word' id='word_1_165' title='bbox 556 2673 649 2743; x_wconf 75' lang='grc' dir='ltr'><strong><em>πάσχα</em></strong></span> <span class='ocrx_word' id='word_1_166' title='bbox 661 2671 787 2744; x_wconf 69' lang='grc' dir='ltr'><strong>προσθεὶς</strong></span> <span class='ocrx_word' id='word_1_167' title='bbox 799 2672 843 2726; x_wconf 75' lang='grc' dir='ltr'><strong>ἐπὶ</strong></span> <span class='ocrx_word' id='word_1_168' title='bbox 855 2672 886 2726; x_wconf 78' lang='grc' dir='ltr'><strong>τὸ</strong></span> <span class='ocrx_word' id='word_1_169' title='bbox 904 2675 1009 2744; x_wconf 77' lang='grc' dir='ltr'><strong><em>πρῶτον</em></strong></span> <span class='ocrx_word' id='word_1_170' title='bbox 1026 2672 1085 2728; x_wconf 74' lang='grc' dir='ltr'><strong><em>ἔτος</em></strong></span> <span class='ocrx_word' id='word_1_171' title='bbox 1098 2672 1287 2744; x_wconf 71' lang='grc' dir='ltr'><strong><em>αὐτοκράτορας</em></strong></span> <span class='ocrx_word' id='word_1_172' title='bbox 1299 2670 1474 2744; x_wconf 77' lang='grc' dir='ltr'><strong><em>Ἀλεξάνδρου</em></strong></span> 
     </span>
     <span class='ocr_line' id='line_1_23' title="bbox 426 2766 1473 2848; baseline 0.002 -23"><span class='ocrx_word' id='word_1_173' title='bbox 426 2768 486 2842; x_wconf 85' lang='lat' dir='ltr'><strong>(au.</strong></span> <span class='ocrx_word' id='word_1_174' title='bbox 501 2767 611 2827; x_wconf 83' lang='lat' dir='ltr'><strong>Christi</strong></span> <span class='ocrx_word' id='word_1_175' title='bbox 628 2768 710 2848; x_wconf 80' lang='lat'><strong>222.)</strong></span> <span class='ocrx_word' id='word_1_176' title='bbox 725 2769 787 2827; x_wconf 76' lang='lat' dir='ltr'><strong>robe</strong></span> <span class='ocrx_word' id='word_1_177' title='bbox 798 2770 909 2841; x_wconf 74' lang='grc' dir='ltr'><strong><em>χρόνους</em></strong></span> <span class='ocrx_word' id='word_1_178' title='bbox 928 2770 1094 2843; x_wconf 69' lang='grc' dir='ltr'><strong>περιγράφει.</strong></span> <span class='ocrx_word' id='word_1_179' title='bbox 1137 2766 1208 2826; x_wconf 87' lang='lat' dir='ltr'><strong>Alis</strong></span> <span class='ocrx_word' id='word_1_180' title='bbox 1221 2777 1352 2826; x_wconf 88' lang='lat' dir='ltr'><strong>veterum</strong></span> <span class='ocrx_word' id='word_1_181' title='bbox 1367 2767 1404 2826; x_wconf 94' lang='lat' dir='ltr'><strong>de</strong></span> <span class='ocrx_word' id='word_1_182' title='bbox 1418 2767 1473 2828; x_wconf 90' lang='lat' dir='ltr'><strong>boc</strong></span> 
     </span>
     <span class='ocr_line' id='line_1_24' title="bbox 424 2862 1472 2944; baseline 0.001 -22"><span class='ocrx_word' id='word_1_183' title='bbox 424 2881 513 2943; x_wconf 89' lang='lat' dir='ltr'><strong>opere</strong></span> <span class='ocrx_word' id='word_1_184' title='bbox 533 2863 701 2923; x_wconf 87' lang='lat' dir='ltr'><strong>testimonis</strong></span> <span class='ocrx_word' id='word_1_185' title='bbox 720 2863 809 2923; x_wconf 81' lang='lat' dir='ltr'><strong>hebes</strong></span> <span class='ocrx_word' id='word_1_186' title='bbox 829 2864 860 2922; x_wconf 93' lang='lat' dir='ltr'><strong>in</strong></span> <span class='ocrx_word' id='word_1_187' title='bbox 881 2873 903 2922; x_wconf 93' lang='lat' dir='ltr'><strong>t.</strong></span> <span class='ocrx_word' id='word_1_188' title='bbox 919 2864 945 2923; x_wconf 93' lang='lat'><strong>1.</strong></span> <span class='ocrx_word' id='word_1_189' title='bbox 968 2864 1046 2944; x_wconf 94' lang='lat' dir='ltr'><strong>0pp.</strong></span> <span class='ocrx_word' id='word_1_190' title='bbox 1070 2862 1229 2944; x_wconf 85' lang='lat' dir='ltr'><strong>Hippolyti</strong></span> <span class='ocrx_word' id='word_1_191' title='bbox 1247 2884 1275 2943; x_wconf 92' lang='lat' dir='ltr'><strong>p.</strong></span> <span class='ocrx_word' id='word_1_192' title='bbox 1288 2882 1337 2939; x_wconf 84' lang='lat'><strong>42.</strong></span> <span class='ocrx_word' id='word_1_193' title='bbox 1358 2865 1472 2923; x_wconf 83' lang='lat' dir='ltr'><strong>Gsuoui</strong></span> 
     </span>
     <span class='ocr_line' id='line_1_25' title="bbox 426 2959 935 3040; baseline -0.002 -20"><span class='ocrx_word' id='word_1_194' title='bbox 426 2959 560 3020; x_wconf 85' lang='lat' dir='ltr'><strong>Psschsli</strong></span> <span class='ocrx_word' id='word_1_195' title='bbox 575 2959 758 3040; x_wconf 82' lang='lat' dir='ltr'><strong>Hippolyten</strong></span> <span class='ocrx_word' id='word_1_196' title='bbox 772 2961 935 3038; x_wconf 78' lang='lat' dir='ltr'><strong>subjuncta</strong></span> 
     </span>
    </p>

    <p class='ocr_par' dir='ltr' id='par_1_6' title="bbox 350 3057 1473 4488">
     <span class='ocr_line' id='line_1_26' title="bbox 465 3057 1473 3134; baseline 0.002 -17"><span class='ocrx_word' id='word_1_197' title='bbox 465 3057 615 3118; x_wconf 72' lang='lat' dir='ltr'><strong>⁶Eusebii</strong></span> <span class='ocrx_word' id='word_1_198' title='bbox 634 3057 708 3118; x_wconf 90' lang='lat' dir='ltr'><strong>liber</strong></span> <span class='ocrx_word' id='word_1_199' title='bbox 725 3058 762 3119; x_wconf 94' lang='lat' dir='ltr'><strong>de</strong></span> <span class='ocrx_word' id='word_1_200' title='bbox 781 3059 858 3118; x_wconf 85' lang='lat' dir='ltr'><strong>festo</strong></span> <span class='ocrx_word' id='word_1_201' title='bbox 882 3058 1014 3118; x_wconf 85' lang='lat' dir='ltr'><strong>Paschuli</strong></span> <span class='ocrx_word' id='word_1_202' title='bbox 1033 3064 1160 3132; x_wconf 76' lang='grc' dir='ltr'><strong>μυστικὴν</strong></span> <span class='ocrx_word' id='word_1_203' title='bbox 1177 3063 1341 3134; x_wconf 69' lang='grc' dir='ltr'><strong>ἀνακάλυψιν</strong></span> <span class='ocrx_word' id='word_1_204' title='bbox 1361 3065 1408 3118; x_wconf 75' lang='grc' dir='ltr'><strong>τοῦ</strong></span> <span class='ocrx_word' id='word_1_205' title='bbox 1426 3063 1473 3132; x_wconf 66' lang='grc' dir='ltr'><strong>τῆς</strong></span> 
     </span>
     <span class='ocr_line' id='line_1_27' title="bbox 422 3155 1472 3238; baseline 0.004 -24"><span class='ocrx_word' id='word_1_206' title='bbox 422 3161 513 3232; x_wconf 54' lang='lat' dir='ltr'><strong>tupris</strong></span> <span class='ocrx_word' id='word_1_207' title='bbox 534 3160 617 3230; x_wconf 75' lang='grc' dir='ltr'><strong><em>λόγον</em></strong></span> <span class='ocrx_word' id='word_1_208' title='bbox 637 3166 668 3215; x_wconf 92' lang='lat' dir='ltr'><strong>et</strong></span> <span class='ocrx_word' id='word_1_209' title='bbox 688 3155 815 3216; x_wconf 79' lang='lat' dir='ltr'><strong>rationes</strong></span> <span class='ocrx_word' id='word_1_210' title='bbox 836 3156 910 3237; x_wconf 84' lang='lat' dir='ltr'><strong>cycli</strong></span> <span class='ocrx_word' id='word_1_211' title='bbox 931 3156 1116 3235; x_wconf 84' lang='lat' dir='ltr'><strong>undeviginti</strong></span> <span class='ocrx_word' id='word_1_212' title='bbox 1136 3177 1278 3218; x_wconf 85' lang='lat' dir='ltr'><strong>annorum</strong></span> <span class='ocrx_word' id='word_1_213' title='bbox 1303 3159 1472 3238; x_wconf 84' lang='lat' dir='ltr'><strong>complexus</strong></span> 
     </span>
     <span class='ocr_line' id='line_1_28' title="bbox 423 3252 1472 3332; baseline 0.004 -22"><span class='ocrx_word' id='word_1_214' title='bbox 423 3252 581 3320; x_wconf 82' lang='lat' dir='ltr'><strong>interdicit,</strong></span> <span class='ocrx_word' id='word_1_215' title='bbox 603 3252 640 3312; x_wconf 92' lang='lat' dir='ltr'><strong>de</strong></span> <span class='ocrx_word' id='word_1_216' title='bbox 657 3273 717 3331; x_wconf 90' lang='lat' dir='ltr'><strong>quc</strong></span> <span class='ocrx_word' id='word_1_217' title='bbox 734 3253 802 3312; x_wconf 86' lang='lat' dir='ltr'><strong>vide</strong></span> <span class='ocrx_word' id='word_1_218' title='bbox 822 3253 917 3332; x_wconf 90' lang='lat' dir='ltr'><strong>ipsum</strong></span> <span class='ocrx_word' id='word_1_219' title='bbox 941 3253 1101 3312; x_wconf 73' lang='lat' dir='ltr'><strong>Eusebium</strong></span> <span class='ocrx_word' id='word_1_220' title='bbox 1115 3253 1173 3314; x_wconf 94' lang='lat' dir='ltr'><strong>1v.</strong></span> <span class='ocrx_word' id='word_1_221' title='bbox 1189 3273 1228 3330; x_wconf 77' lang='lat'><strong>34</strong></span> <span class='ocrx_word' id='word_1_222' title='bbox 1242 3266 1273 3314; x_wconf 91' lang='lat' dir='ltr'><strong>et</strong></span> <span class='ocrx_word' id='word_1_223' title='bbox 1288 3273 1337 3331; x_wconf 77' lang='lat'><strong>35.</strong></span> <span class='ocrx_word' id='word_1_224' title='bbox 1352 3254 1388 3314; x_wconf 92' lang='lat' dir='ltr'><strong>de</strong></span> <span class='ocrx_word' id='word_1_225' title='bbox 1404 3255 1472 3314; x_wconf 85' lang='lat' dir='ltr'><strong>Vits</strong></span> 
     </span>
     <span class='ocr_line' id='line_1_29' title="bbox 423 3348 1470 3432; baseline 0.004 -24"><span class='ocrx_word' id='word_1_226' title='bbox 423 3348 618 3412; x_wconf 80' lang='lat' dir='ltr'><strong>Constantini.</strong></span> <span class='ocrx_word' id='word_1_227' title='bbox 660 3351 801 3410; x_wconf 87' lang='lat' dir='ltr'><strong>Meminit</strong></span> <span class='ocrx_word' id='word_1_228' title='bbox 814 3361 844 3410; x_wconf 91' lang='lat' dir='ltr'><strong>et</strong></span> <span class='ocrx_word' id='word_1_229' title='bbox 859 3351 1030 3410; x_wconf 79' lang='lat' dir='ltr'><strong>Gennadius</strong></span> <span class='ocrx_word' id='word_1_230' title='bbox 1044 3351 1081 3410; x_wconf 92' lang='lat' dir='ltr'><strong>de</strong></span> <span class='ocrx_word' id='word_1_231' title='bbox 1095 3351 1127 3411; x_wconf 87' lang='lat' dir='ltr'><strong>S.</strong></span> <span class='ocrx_word' id='word_1_232' title='bbox 1141 3352 1177 3410; x_wconf 88' lang='lat' dir='ltr'><strong>E.</strong></span> <span class='ocrx_word' id='word_1_233' title='bbox 1193 3372 1255 3432; x_wconf 90' lang='lat' dir='ltr'><strong>csp.</strong></span> <span class='ocrx_word' id='word_1_234' title='bbox 1268 3353 1318 3412; x_wconf 86' lang='grc'><strong>88.</strong></span> <span class='ocrx_word' id='word_1_235' title='bbox 1342 3351 1470 3412; x_wconf 86' lang='lat' dir='ltr'><strong>Isidorus</strong></span> 
     </span>
     <span class='ocr_line' id='line_1_30' title="bbox 424 3444 1470 3528; baseline 0.004 -24"><span class='ocrx_word' id='word_1_236' title='bbox 424 3444 538 3526; x_wconf 84' lang='lat' dir='ltr'><strong>Hispal.</strong></span> <span class='ocrx_word' id='word_1_237' title='bbox 553 3446 610 3506; x_wconf 91' lang='lat' dir='ltr'><strong>VI.</strong></span> <span class='ocrx_word' id='word_1_238' title='bbox 627 3463 670 3523; x_wconf 87' lang='lat'><strong>17.</strong></span> <span class='ocrx_word' id='word_1_239' title='bbox 680 3447 763 3526; x_wconf 81' lang='lat' dir='ltr'><strong>Orig.</strong></span> <span class='ocrx_word' id='word_1_240' title='bbox 787 3455 806 3480; x_wconf 89' lang='lat'>“</span> <span class='ocrx_word' id='word_1_241' title='bbox 818 3446 987 3506; x_wconf 85' lang='lat' dir='ltr'><strong>Paschulem</strong></span> <span class='ocrx_word' id='word_1_242' title='bbox 998 3447 1112 3527; x_wconf 82' lang='lat' dir='ltr'><strong>cyclum</strong></span> <span class='ocrx_word' id='word_1_243' title='bbox 1124 3447 1307 3528; x_wconf 91' lang='lat' dir='ltr'><strong>Hippolytus</strong></span> <span class='ocrx_word' id='word_1_244' title='bbox 1318 3449 1470 3528; x_wconf 88' lang='lat' dir='ltr'><strong>episcopus</strong></span> 
     </span>
     <span class='ocr_line' id='line_1_31' title="bbox 422 3543 1469 3625; baseline 0.002 -23"><span class='ocrx_word' id='word_1_245' title='bbox 422 3544 635 3623; x_wconf 84' lang='lat' dir='ltr'><strong>“temporibus</strong></span> <span class='ocrx_word' id='word_1_246' title='bbox 655 3543 818 3604; x_wconf 79' lang='lat' dir='ltr'><strong>Alexandri</strong></span> <span class='ocrx_word' id='word_1_247' title='bbox 836 3544 1025 3624; x_wconf 83' lang='lat' dir='ltr'><strong>Imperatoris</strong></span> <span class='ocrx_word' id='word_1_248' title='bbox 1044 3545 1156 3624; x_wconf 87' lang='lat' dir='ltr'><strong>primus</strong></span> <span class='ocrx_word' id='word_1_249' title='bbox 1174 3545 1354 3625; x_wconf 89' lang='lat' dir='ltr'><strong>conscripsit.</strong></span> <span class='ocrx_word' id='word_1_250' title='bbox 1397 3545 1469 3604; x_wconf 87' lang='lat' dir='ltr'><strong>Post</strong></span> 
     </span>
     <span class='ocr_line' id='line_1_32' title="bbox 423 3639 1469 3721; baseline 0.003 -24"><span class='ocrx_word' id='word_1_251' title='bbox 423 3643 443 3671; x_wconf 89' lang='lat'><strong>“</strong></span> <span class='ocrx_word' id='word_1_252' title='bbox 453 3657 540 3717; x_wconf 86' lang='lat' dir='ltr'><strong>quem</strong></span> <span class='ocrx_word' id='word_1_253' title='bbox 554 3641 749 3720; x_wconf 72' lang='lat' dir='ltr'><strong>probatissimi</strong></span> <span class='ocrx_word' id='word_1_254' title='bbox 767 3653 893 3708; x_wconf 83' lang='lat' dir='ltr'><strong>sutores,</strong></span> <span class='ocrx_word' id='word_1_255' title='bbox 910 3640 1057 3700; x_wconf 87' lang='lat' dir='ltr'><strong>Eusebius</strong></span> <span class='ocrx_word' id='word_1_256' title='bbox 1076 3641 1271 3709; x_wconf 73' lang='lat' dir='ltr'><strong>Caesariensis,</strong></span> <span class='ocrx_word' id='word_1_257' title='bbox 1288 3639 1469 3721; x_wconf 86' lang='lat' dir='ltr'><strong>Theophilus</strong></span> 
     </span>
     <span class='ocr_line' id='line_1_33' title="bbox 350 3733 1469 3818; baseline 0.003 -22"><span class='ocrx_word' id='word_1_258' title='bbox 350 3735 354 3748; x_wconf 69' lang='lat'><strong><em>⁴</em></strong></span> <span class='ocrx_word' id='word_1_259' title='bbox 423 3743 442 3770; x_wconf 77' lang='lat'><strong>‘⁸</strong></span> <span class='ocrx_word' id='word_1_260' title='bbox 453 3733 682 3808; x_wconf 83' lang='lat' dir='ltr'><strong>Alexandrinus,</strong></span> <span class='ocrx_word' id='word_1_261' title='bbox 697 3738 823 3817; x_wconf 87' lang='lat' dir='ltr'><strong>Prosper</strong></span> <span class='ocrx_word' id='word_1_262' title='bbox 843 3757 959 3816; x_wconf 91' lang='lat' dir='ltr'><strong>quoque</strong></span> <span class='ocrx_word' id='word_1_263' title='bbox 977 3739 1096 3798; x_wconf 89' lang='lat' dir='ltr'><strong>ustione</strong></span> <span class='ocrx_word' id='word_1_264' title='bbox 1115 3736 1284 3817; x_wconf 84' lang='lat' dir='ltr'><strong>Aquitsnus</strong></span> <span class='ocrx_word' id='word_1_265' title='bbox 1297 3750 1385 3818; x_wconf 81' lang='lat' dir='ltr'><strong>atque</strong></span> <span class='ocrx_word' id='word_1_266' title='bbox 1400 3739 1469 3799; x_wconf 76' lang='lat' dir='ltr'><strong>Vic.</strong></span> 
     </span>
     <span class='ocr_line' id='line_1_34' title="bbox 423 3833 1469 3916; baseline 0.003 -23"><span class='ocrx_word' id='word_1_267' title='bbox 423 3839 444 3866; x_wconf 76' lang='lat'><strong>‘¹</strong></span> <span class='ocrx_word' id='word_1_268' title='bbox 454 3833 569 3894; x_wconf 88' lang='lat' dir='ltr'><strong>torinus</strong></span> <span class='ocrx_word' id='word_1_269' title='bbox 581 3835 764 3916; x_wconf 78' lang='lat' dir='ltr'><strong>amplificatis</strong></span> <span class='ocrx_word' id='word_1_270' title='bbox 778 3835 907 3913; x_wconf 86' lang='lat' dir='ltr'><strong>ejusdem</strong></span> <span class='ocrx_word' id='word_1_271' title='bbox 923 3836 1091 3896; x_wconf 84' lang='lat' dir='ltr'><strong>festivitatis</strong></span> <span class='ocrx_word' id='word_1_272' title='bbox 1105 3835 1277 3903; x_wconf 85' lang='lat' dir='ltr'><strong>rationibus,</strong></span> <span class='ocrx_word' id='word_1_273' title='bbox 1291 3836 1469 3916; x_wconf 89' lang='lat' dir='ltr'><strong>multiplices</strong></span> 
     </span>
     <span class='ocr_line' id='line_1_35' title="bbox 421 3930 1468 4014; baseline 0.003 -24"><span class='ocrx_word' id='word_1_274' title='bbox 421 3930 575 3992; x_wconf 88' lang='lat' dir='ltr'><strong>“circulos</strong></span> <span class='ocrx_word' id='word_1_275' title='bbox 588 3932 770 3993; x_wconf 88' lang='lat' dir='ltr'><strong>ediderunt.”</strong></span> <span class='ocrx_word' id='word_1_276' title='bbox 814 3932 961 4004; x_wconf 79' lang='lat' dir='ltr'><strong>Quoniam</strong></span> <span class='ocrx_word' id='word_1_277' title='bbox 977 3952 1043 3993; x_wconf 86' lang='lat' dir='ltr'><strong>vero</strong></span> <span class='ocrx_word' id='word_1_278' title='bbox 1058 3934 1089 3992; x_wconf 87' lang='lat' dir='ltr'><strong>S.</strong></span> <span class='ocrx_word' id='word_1_279' title='bbox 1100 3932 1258 4014; x_wconf 90' lang='lat' dir='ltr'><strong>Hippolyti</strong></span> <span class='ocrx_word' id='word_1_280' title='bbox 1273 3932 1373 4013; x_wconf 87' lang='lat' dir='ltr'><strong>cyclus</strong></span> <span class='ocrx_word' id='word_1_281' title='bbox 1385 3933 1468 3993; x_wconf 89' lang='lat' dir='ltr'><strong>sede-</strong></span> 
     </span>
     <span class='ocr_line' id='line_1_36' title="bbox 419 4027 1467 4110; baseline 0.005 -25"><span class='ocrx_word' id='word_1_282' title='bbox 419 4027 476 4086; x_wconf 89' lang='lat' dir='ltr'><strong>cim</strong></span> <span class='ocrx_word' id='word_1_283' title='bbox 491 4041 606 4088; x_wconf 85' lang='lat' dir='ltr'><strong>tsutum</strong></span> <span class='ocrx_word' id='word_1_284' title='bbox 620 4049 762 4089; x_wconf 79' lang='lat' dir='ltr'><strong>sunctum</strong></span> <span class='ocrx_word' id='word_1_285' title='bbox 776 4030 845 4100; x_wconf 86' lang='lat' dir='ltr'><strong>fuit,</strong></span> <span class='ocrx_word' id='word_1_286' title='bbox 860 4031 929 4089; x_wconf 91' lang='lat' dir='ltr'><strong>hinc</strong></span> <span class='ocrx_word' id='word_1_287' title='bbox 940 4031 1022 4090; x_wconf 89' lang='lat' dir='ltr'><strong>Beds</strong></span> <span class='ocrx_word' id='word_1_288' title='bbox 1032 4031 1069 4091; x_wconf 96' lang='lat' dir='ltr'><strong>de</strong></span> <span class='ocrx_word' id='word_1_289' title='bbox 1081 4040 1245 4110; x_wconf 90' lang='lat' dir='ltr'><strong>temporum</strong></span> <span class='ocrx_word' id='word_1_290' title='bbox 1256 4031 1369 4090; x_wconf 89' lang='lat' dir='ltr'><strong>ratione</strong></span> <span class='ocrx_word' id='word_1_291' title='bbox 1382 4051 1407 4090; x_wconf 96' lang='lat' dir='ltr'><strong>c.</strong></span> <span class='ocrx_word' id='word_1_292' title='bbox 1417 4050 1467 4106; x_wconf 82' lang='lat'><strong>42·</strong></span> 
     </span>
     <span class='ocr_line' id='line_1_37' title="bbox 421 4125 1468 4208; baseline 0.005 -25"><span class='ocrx_word' id='word_1_293' title='bbox 421 4125 732 4187; x_wconf 85' lang='lat' dir='ltr'><strong>“Decemnovennelis</strong></span> <span class='ocrx_word' id='word_1_294' title='bbox 750 4127 851 4186; x_wconf 88' lang='lat' dir='ltr'><strong>circuli</strong></span> <span class='ocrx_word' id='word_1_295' title='bbox 874 4127 1005 4188; x_wconf 89' lang='lat' dir='ltr'><strong>ordinem</strong></span> <span class='ocrx_word' id='word_1_296' title='bbox 1028 4128 1140 4208; x_wconf 88' lang='lat' dir='ltr'><strong>primus</strong></span> <span class='ocrx_word' id='word_1_297' title='bbox 1162 4126 1310 4187; x_wconf 83' lang='lat' dir='ltr'><strong>Eusebius</strong></span> <span class='ocrx_word' id='word_1_298' title='bbox 1329 4129 1468 4188; x_wconf 75' lang='lat' dir='ltr'><strong>Cussreoe</strong></span> 
     </span>
     <span class='ocr_line' id='line_1_38' title="bbox 420 4221 1468 4305; baseline 0.004 -25"><span class='ocrx_word' id='word_1_299' title='bbox 420 4227 439 4254; x_wconf 80' lang='lat'><strong>‘⁸</strong></span> <span class='ocrx_word' id='word_1_300' title='bbox 451 4221 614 4282; x_wconf 79' lang='lat' dir='ltr'><strong>Palestinae</strong></span> <span class='ocrx_word' id='word_1_301' title='bbox 628 4224 780 4305; x_wconf 87' lang='lat' dir='ltr'><strong>episcopus</strong></span> <span class='ocrx_word' id='word_1_302' title='bbox 799 4226 837 4284; x_wconf 93' lang='lat' dir='ltr'><strong>ob</strong></span> <span class='ocrx_word' id='word_1_303' title='bbox 854 4235 972 4304; x_wconf 78' lang='lat' dir='ltr'><strong>quartas</strong></span> <span class='ocrx_word' id='word_1_304' title='bbox 989 4226 1114 4286; x_wconf 84' lang='lat' dir='ltr'><strong>decimus</strong></span> <span class='ocrx_word' id='word_1_305' title='bbox 1133 4224 1217 4284; x_wconf 86' lang='lat' dir='ltr'><strong>lunas</strong></span> <span class='ocrx_word' id='word_1_306' title='bbox 1230 4225 1300 4285; x_wconf 87' lang='lat' dir='ltr'><strong>festi</strong></span> <span class='ocrx_word' id='word_1_307' title='bbox 1320 4225 1468 4284; x_wconf 81' lang='lat' dir='ltr'><strong>Psscbslis</strong></span> 
     </span>
     <span class='ocr_line' id='line_1_39' title="bbox 420 4319 1467 4402; baseline 0.003 -25"><span class='ocrx_word' id='word_1_308' title='bbox 420 4325 439 4352; x_wconf 82' lang='lat'><strong>‘⁴</strong></span> <span class='ocrx_word' id='word_1_309' title='bbox 454 4319 608 4399; x_wconf 88' lang='lat' dir='ltr'><strong>ipsumque</strong></span> <span class='ocrx_word' id='word_1_310' title='bbox 640 4319 717 4379; x_wconf 90' lang='lat' dir='ltr'><strong>diem</strong></span> <span class='ocrx_word' id='word_1_311' title='bbox 746 4322 864 4382; x_wconf 75' lang='lat' dir='ltr'><strong>Paschae</strong></span> <span class='ocrx_word' id='word_1_312' title='bbox 891 4322 1097 4383; x_wconf 89' lang='lat' dir='ltr'><strong>inveniendum</strong></span> <span class='ocrx_word' id='word_1_313' title='bbox 1123 4322 1295 4402; x_wconf 88' lang='lat' dir='ltr'><strong>composuit,</strong></span> <span class='ocrx_word' id='word_1_314' title='bbox 1324 4341 1359 4380; x_wconf 91' lang='lat' dir='ltr'><strong>eo</strong></span> <span class='ocrx_word' id='word_1_315' title='bbox 1387 4321 1467 4399; x_wconf 90' lang='lat' dir='ltr'><strong>quod</strong></span> 
     </span>
     <span class='ocr_line' id='line_1_40' title="bbox 420 4414 621 4488; baseline 0.01 -14"><span class='ocrx_word' id='word_1_316' title='bbox 420 4422 441 4448; x_wconf 87' lang='lat'><strong>“</strong></span> <span class='ocrx_word' id='word_1_317' title='bbox 452 4414 533 4488; x_wconf 80' lang='lat' dir='ltr'><strong>luna,</strong></span> <span class='ocrx_word' id='word_1_318' title='bbox 548 4415 621 4476; x_wconf 59' lang='grc' dir='ltr'><strong>ἀτί·</strong></span> 
     </span>
    </p>
   </div>
   <div class='ocr_carea' id='block_1_5' title="bbox 0 0 1660 5224">
    <p class='ocr_par' dir='ltr' id='par_1_7' title="bbox 0 0 1660 5224">
     <span class='ocr_line' id='line_1_41' title="bbox 0 0 1660 5224; baseline 0 2"><span class='ocrx_word' id='word_1_319' title='bbox 0 0 1660 5224; x_wconf 95' lang='lat' dir='ltr'><strong> </strong></span> 
     </span>
    </p>
   </div>
  </div>
 </body>
</html>
