3310 5224
388 417 431 484 66
751 419 784 482 S.
807 413 1077 480 HIPPOLYTI

387 589 444 691 ἦν.
494 591 579 670 Τεῦν
597 589 635 670 δὲ
660 588 857 691 γινομένων
879 585 1041 693 ἀρχηγὸν
1064 590 1123 665 καὶ
1146 584 1361 686 σύμβουλον
1378 587 1438 664 καὶ

387 715 542 820 ἐργάτην
554 715 677 818 ε’γέυνα
696 712 828 817 Λόγον,
843 713 886 795 ὃν
899 713 1023 818 Λόγον
1041 714 1134 820 ἔχων
1146 714 1185 792 ἐν
1202 714 1315 820 ἑαυτῷ
1329 708 1437 814 ἀόρα-

389 843 453 925 τόν
469 878 509 924 τε
527 843 614 924 ὄντα
631 850 684 952 τῷ
703 841 891 951 κτιᾷιμένῳ
915 841 1043 951 κόσμερ
1062 839 1192 946 ὁρατὸν
1209 847 1312 920 ποιεῖ·
1341 873 1433 942 τρο·

389 971 495 1076 τέραυ
514 970 639 1077 φωνὴν
657 969 914 1078 φθεγγόμενος,
933 975 991 1053 καὶ
1007 977 1085 1078 φῶς
1102 971 1141 1048 εἰε
1155 965 1276 1074 φωτὸς
1293 972 1439 1069 γεννῶν,

389 1103 545 1202 προῆκεν
581 1104 626 1204 τῇ
662 1098 777 1178 κτίσει
812 1097 958 1202 Κύριον·
998 1098 1063 1178 τὸν
1094 1098 1184 1177 ’ίδιον
1215 1103 1310 1194 νοῦν,
1343 1095 1466 1200 αῦτῷς

389 1223 488 1334 μόνῳ
515 1223 690 1329 πρότερον
718 1222 848 1327 ὁρατὸν
876 1222 1093 1330 ὑπάρχοντα,
1121 1229 1173 1330 τῷ
1201 1221 1239 1302 δὲ
1266 1219 1439 1328 γινομένῳ

391 1349 518 1460 κόσμῳ
552 1349 705 1455 ἀόρατον
737 1349 833 1450 ὅισα,
866 1349 997 1454 ὁρατὸν
1024 1359 1127 1449 ποιεῖ,
1155 1349 1251 1432 ὅπως
1284 1347 1344 1428 διὰ
1375 1355 1439 1427 τοῦ

392 1483 547 1586 φανῆναι
566 1475 650 1558 ίδῶν
667 1482 688 1558 ὁ
707 1476 844 1578 κόσμος
863 1483 1025 1576 σωθῆναι
1044 1480 1191 1582 δυνηθῇ.

447 1604 505 1686 ια’.
540 1609 612 1686 Καὶ
630 1602 744 1689 οὕτως
768 1607 973 1709 παρίστατο
996 1606 1092 1710 αὐτῷ
1111 1604 1239 1707 ἕτερος.
1286 1601 1440 1703 Ἕτερον

392 1730 430 1812 δὲ
448 1731 566 1834 λέγων
584 1733 624 1810 οῦ
643 1730 706 1811 δύο
725 1729 839 1815 θεοὺς
855 1731 962 1834 λε’γω,
981 1732 1067 1808 ἀλλ’
1088 1733 1137 1813 ὡς
1154 1734 1233 1835 φῶς
1251 1732 1289 1808 ἐκ
1308 1725 1439 1833 φωτὸς,
1454 1773 1489 1813 ιο

392 1856 415 1959 ἢ
434 1863 483 1943 ὡς
502 1857 595 1962 ὕδωρ
608 1861 647 1938 ἐκ
662 1863 792 1960 πηγῆς,
810 1855 833 1957 ἢ
854 1861 902 1941 ὡς
927 1862 1053 1938 ἀκτῖνα
1071 1856 1143 1938 ἀπὸ
1166 1857 1283 1956 ἡλίου.
1315 1854 1436 1934 Δύνα-

391 2019 451 2083 μις
473 1984 545 2089 γὰρ
566 1985 631 2083 μία
649 2021 671 2084 η
696 1988 735 2065 ἐκ
761 1995 825 2066 τοῦ
848 1983 994 2083 παντὸς,
1011 1983 1054 2063 τῦ
1080 1984 1118 2064 δὲ
1142 1990 1217 2064 πᾶν
1241 1981 1382 2086 Πατὴρ,
1399 1981 1443 2088 ἐξ

392 2112 434 2191 οὗ
453 2111 599 2211 δύναμις
614 2110 744 2215 Λόγος·
765 2114 867 2198 οῦτος
882 2110 919 2192 δὲ
934 2119 1043 2210 Νοῦς,
1059 2111 1097 2196 ὃς
1110 2109 1251 2215 προβὰς
1264 2113 1303 2190 ἐν
1314 2109 1440 2217 κόσμῳ

392 2240 566 2320 ἐδείκνυτο
584 2249 667 2324 ταῖς
686 2246 792 2322 Θεοῦ.
845 2240 974 2321 Πάντα
998 2242 1118 2320 τοίνυν
1136 2241 1178 2318 δι’
1198 2240 1317 2333 αὐτοῦ,
1335 2237 1440 2321 αὐτὸς

393 2365 431 2446 δὲ
448 2365 556 2465 μόνος
574 2369 613 2448 ἐκ
632 2367 788 2472 Πατρός.
822 2367 888 2450 Τίς
906 2369 1025 2447 τοίνυν
1045 2367 1281 2472 ἀποφαίνεται
1298 2362 1441 2464 πληθῦν
1454 2399 1488 2460 ¹5

394 2499 498 2574 Θεῶν
515 2496 847 2598 παραβαλλομένην
864 2492 956 2573 κατὰ
974 2494 1139 2598 καιρούς,
1169 2496 1242 2572 Καὶ
1256 2489 1328 2594 γάρ
1345 2488 1440 2571 ποίν-

393 2654 451 2704 τες
479 2623 774 2721 ἀπεκλείσθησαν
802 2627 850 2704 είς
876 2629 982 2700 τοῦτο
1008 2620 1154 2704 ἄκοντες
1176 2625 1295 2715 εἰπεῖν,
1322 2617 1443 2698 ὅτιτὸ

393 2753 471 2827 πᾶν
489 2754 537 2831 είς
556 2748 618 2826 ἕνα
636 2747 832 2852 ἀνατρέχει.
870 2752 915 2826 Ei
934 2748 996 2827 οὖν
1014 2747 1060 2826 τὰ
1075 2746 1195 2827 πάντα
1212 2753 1260 2830 είς
1277 2748 1340 2826 ἕνα
1358 2749 1444 2826 ἀνα-

395 2967 466 3016 erut.
502 2954 615 3014 Eorum
629 2966 726 3015 sutem
742 2975 807 3034 quoe
821 2957 898 3014 factu
938 2955 1005 3014 lius.
1027 2957 1102 3014 Cum
1115 2956 1203 3015 ulium
1215 2957 1290 3023 dico,
1300 2977 1358 3016 uon
1369 2955 1442 3016 duos

395 3048 474 3108 suut,
504 3037 618 3105 ducem,
643 3037 838 3096 consiliarium
868 3045 898 3094 et
940 3035 1020 3095 Deus
1030 3036 1112 3103 dico;
1132 3035 1182 3096 sed
1193 3047 1330 3115 tauquam
1343 3037 1442 3096 lumen

395 3117 560 3199 operarium
575 3119 731 3195 generabat
745 3117 895 3176 Verbum:
939 3136 975 3174 ex
990 3115 1111 3185 lumine,
1125 3127 1155 3176 et
1174 3137 1277 3196 uquam
1293 3138 1331 3178 ex
1348 3117 1441 3187 fonte,

395 3199 475 3277 quud
491 3198 624 3257 Verbum
639 3217 705 3256 cum
719 3198 750 3256 in
767 3217 798 3256 se
812 3197 898 3255 hube-
939 3207 991 3256 sut
1004 3197 1118 3256 rudium
1135 3217 1152 3256 s
1170 3197 1240 3258 sole.
1282 3199 1350 3257 Uuu
1364 3197 1441 3256 euim

395 3290 451 3349 ret,
468 3288 602 3356 essetque
619 3277 729 3336 mundo
742 3287 839 3338 creato
853 3277 897 3334 iu.
939 3277 1033 3336 virtus
1044 3298 1077 3338 ex
1087 3289 1151 3336 toto
1163 3301 1169 3334 ι
1194 3288 1290 3338 totum
1303 3298 1371 3337 vero
1386 3278 1443 3336 Pa-

396 3359 579 3439 aspeetabile,
611 3359 681 3418 fecit
716 3357 898 3438 aspectabile,
940 3369 994 3427 ter,
1005 3378 1042 3416 ex
1050 3377 1109 3436 quo
1120 3359 1214 3418 virtus
1224 3357 1374 3418 Verbum:
1388 3357 1444 3417 hou

396 3440 532 3499 emittens
546 3439 671 3576 ρτίοτειυ
687 3458 796 3508 vocem,
810 3447 841 3497 et
855 3437 899 3496 lu·
940 3458 1009 3497 vero
1015 3439 1113 3506 Meus,
1123 3439 1184 3498 sive
1194 3459 1305 3510 seusus,
1313 3439 1364 3517 qui
1375 3459 1444 3518 pro·

396 3539 463 3578 meu
487 3540 525 3578 ex
560 3519 659 3578 umine
682 3539 822 3598 generans
849 3517 900 3577 de.
940 3517 1023 3577 diens
1036 3518 1068 3576 iu
1081 3518 1234 3587 muudum,
1250 3531 1384 3579 ostensus
1399 3529 1445 3578 est

395 3601 518 3680 promsit
547 3599 602 3679 ipsi
630 3611 769 3660 creature
797 3598 900 3656 Domi·
940 3618 1014 3678 puer
1038 3598 1105 3659 Dei.
1147 3601 1255 3659 Omnis
1278 3599 1368 3678 igitur
1392 3619 1445 3679 ρετ

396 3701 477 3748 num,
487 3700 603 3741 sensum
612 3700 712 3752 suum;
724 3679 810 3756 etqui
819 3679 900 3758 prius
940 3700 1008 3739 eum
1022 3680 1100 3739 facts
1119 3690 1198 3748 sunt,
1214 3681 1296 3760 aipse
1314 3680 1394 3739 solus
1406 3699 1443 3739 ex

396 3761 581 3822 isiteutum
595 3771 658 3819 emt
671 3758 803 3827 visibilis,
814 3779 899 3817 mun.
942 3760 1029 3819 Putre
1042 3761 1169 3838 genitus.
1205 3761 1280 3832 Quis
1294 3781 1363 3838 ergo
1378 3780 1445 3839 pro.

397 3781 546 3903 ἀναιτίους
561 3840 724 3911 invisibilis,
740 3841 817 3899 hunc
831 3840 899 3898 visi.
941 3842 999 3900 fert
1040 3841 1259 3901 multitudinem
1301 3841 1443 3906 Deorum.

396 3922 484 3982 bilem
512 3923 592 3989 fecit,
619 3933 653 3981 ut
680 3921 806 3981 muudus
834 3941 899 3979 cum
941 3940 1006 3999 qum
1030 3941 1082 4000 per
1109 3921 1252 3980 curricula
1279 3931 1446 4000 temporum

397 4023 464 4061 eum
480 4003 531 4082 qui
545 4002 690 4083 apparuit,
706 4001 828 4069 videret,
843 4001 898 4060 ssl-
940 4022 977 4080 up
998 4001 1061 4060 ulss
1078 4003 1158 4061 fuit?
1186 4001 1296 4061 Omnes
1313 4001 1390 4060 enim
1409 4021 1445 4060 eo

398 4083 523 4141 vusfieri
538 4093 646 4162 posset.
940 4023 1048 4142 resiacti
1073 4094 1142 4142 suut
1166 4082 1262 4149 iuviti,
1287 4091 1322 4140 ut
1346 4079 1446 4139 dicunt

438 4159 495 4220 xl.
509 4162 610 4240 Atque
630 4163 671 4221 itu
689 4163 803 4222 adstitit
823 4163 849 4221 ei
868 4183 898 4221 a·
940 4163 1037 4222 omniu
1057 4162 1094 4221 ad
1116 4183 1208 4222 uuum
1227 4180 1384 4229 recurrere,
1399 4171 1447 4220 et-

845 4363 859 4394 *
871 4354 929 4404 Joh.
941 4355 957 4403 i.
972 4370 993 4418 3.
