3310 5224
379 390 422 452 10
605 390 637 450 S.
656 385 933 451 POLYCARPI
958 382 1199 450 EPISTOLA

378 561 456 664 ρίου
492 561 594 660 ἡμῶν
631 557 908 660 ἐκλελεγμένων·
950 558 1010 637 καὶ
1046 555 1102 635 ότι
1136 556 1160 655 ἡ
1197 555 1329 652 βεβαία
1365 555 1430 652 τῆς

378 687 536 770 πίστεως
554 688 652 786 ύμῶν
670 686 758 790 ῥΐζα,
771 685 816 792 ἐξ
831 686 989 791 ἀρχαίων
1007 679 1326 784 καταγγελλομένη
1345 678 1430 784 χρό-

382 850 463 912 νων,
482 813 586 918 με’χρι
611 823 674 894 νῦν
699 813 861 914 διαμένει,
881 815 939 892 καὶ
960 815 1184 916 καρποφορεῖ
1198 815 1247 892 εἷς
1264 806 1328 887 τὸν
1350 803 1429 886 Κύ-

381 977 459 1046 ρων
486 943 586 1042 ἡμῶν
602 945 747 1042 Ἰησοῦν
764 938 940 1045 Χριστόν,
967 935 1006 1022 ῦς
1034 937 1216 1034 ὑπέμεινεν
1244 932 1332 1037 ὑπὲρ
1359 939 1432 1012 τῶν

219 1084 311 1134 Ast-ii·
327 1093 366 1143 ²4·
383 1071 565 1171 ἁμαρτιῶν
589 1068 690 1167 ἡμῶν
713 1068 777 1151 ἕως
802 1067 958 1148 θανάτοο
979 1069 1212 1164 καταντῆσαι·
1235 1061 1276 1142 δν
1293 1061 1458 1164 ἤγειρεν5

223 1229 300 1278 reu
313 1228 330 1276 i.
339 1197 404 1276 κὸ
433 1193 527 1279 Θεὸς
557 1195 675 1278 λύσας
707 1192 771 1278 τάς
800 1199 926 1277 ὠδῖνας
955 1200 1020 1272 τοῦ
1046 1190 1146 1298 ᾆδον.
1205 1195 1270 1272 Eis
1300 1187 1341 1268 δν
1369 1189 1433 1268 οὐκ

384 1322 516 1405 ἰδόντες
542 1320 737 1419 πιστεύετε,
760 1320 987 1404 πιστεύοντες
1014 1317 1053 1400 δὲ
1080 1320 1310 1420 ἀγαλλιᾶσθε
1337 1320 1434 1421 χαρᾷ

384 1448 618 1556 ἀνεκλαλήτῳ
646 1453 704 1528 καὶ
729 1449 985 1556 δεδοξασμένῃ·
1016 1453 1064 1530 εὶς
1089 1445 1134 1546 ἣν
1154 1446 1290 1525 πολλοὶ
1306 1445 1429 1522 ἐπιθυ·

221 1599 309 1664 aphes
320 1600 344 1648 ii.
353 1601 376 1649 s.
385 1585 517 1676 μοῦσιν
535 1581 719 1674 εἰσελθεῖν,
739 1574 867 1658 εἰδότες
885 1576 940 1656 ὅτι
956 1574 1079 1681 χάριτί
1094 1575 1177 1652 ε’στε
1195 1571 1433 1669 σεσωσμένοι,

222 1681 246 1730 9’
386 1707 450 1784 οῦκ
492 1704 536 1810 ἐξ
570 1704 697 1808 ἔργων,
730 1703 830 1783 ἀλλά
866 1702 1042 1804 θελήματι
1079 1708 1185 1800 Θεοῦ,
1222 1699 1281 1779 διὰ
1311 1701 1435 1800 Ἰησοῦ
1449 1730 1483 1769 10

386 1837 561 1936 Χριστοῦ.

226 1976 304 2026 sees
313 1978 329 2025 i·
341 1991 378 2036 τι·
443 1957 493 2052 β’.
516 1957 585 2038 Διὸ
611 1957 875 2060 ἀναζωσάμενοι
897 1958 961 2044 τὰς
988 1958 1131 2065 ὀσφύας
1159 1959 1257 2056 ὑμῶν
1285 1954 1431 2035 δουλεύ-

224 2115 265 2166 τι
274 2115 299 2164 ii.
311 2130 348 2164 ιι.
389 2118 479 2165 σατε
502 2092 553 2192 τῷ
571 2091 654 2192 Θεῷ
678 2089 716 2165 ἐν
734 2083 841 2193 φόβῳ
860 2090 918 2165 καὶ
935 2088 1096 2192 ἀληθείᾳ,
1115 2081 1352 2166 ἀπολιπόντες
1369 2082 1436 2182 τὴν

227 2209 492 2313 restauraturi}
519 2215 789 2313 ματαιολογίαν,
818 2218 876 2292 καὶ
905 2210 971 2314 τὴν
998 2221 1071 2294 τῶν
1102 2217 1253 2292 πολλῶν
1281 2205 1437 2308 πλάνην,

388 2337 646 2423 πιστεύσαντες
665 2345 713 2425 είς
731 2339 794 2420 τὸν
811 2343 996 2445 ἐγείραντα
1012 2337 1077 2419 τὸν
1096 2338 1230 2442 Κύρων
1248 2338 1350 2437 ἡμῶν
1366 2339 1437 2436 Ἰη-
1450 2373 1460 2412 ι
1466 2371 1483 2430 5

389 2475 481 2546 σοῦν
498 2464 663 2570 Χριστὸν
688 2470 726 2547 ἐκ
751 2474 896 2569 νεκρῶν,
919 2471 977 2546 καὶ
1001 2465 1111 2546 δόντα
1135 2467 1231 2572 αὐτῷ
1250 2463 1361 2570 δόξαν
1379 2466 1438 2543 καὶ

228 2609 369 2725 ξέῑῑῑννάῑ·
391 2591 520 2696 θρόνον
546 2595 584 2673 εἰε
609 2594 736 2700 δεξιῶν
760 2595 879 2673 αὐτοῦ·
903 2590 1109 2700 ᾧῦπετάγη
1127 2591 1175 2672 τά
1190 2591 1309 2672 πάντα
1328 2594 1435 2671 ε’που-

263 2713 270 2727 ’
390 2720 495 2823 ράνια
509 2724 566 2801 καὶ
578 2724 726 2825 ἐπίγεια·
747 2718 892 2829 ᾦπᾶσα
909 2718 1002 2820 πνοὴ
1021 2719 1215 2822 ’λατρεύει
1238 2716 1276 2801 ῦς
1300 2718 1439 2822 ἔρχεται

392 2881 452 2938 veri
475 2882 566 2957 regni,
586 2901 639 2958 per
659 2881 817 2938 Dominum
841 2901 893 2939 no.
936 2884 1007 2947 estis,
1030 2899 1084 2936 nau
1117 2900 1150 2936 ea
1172 2881 1306 2954 operibus,
1336 2879 1437 2936 sedin
1472 2919 1475 2925 ·

393 2959 893 3038 strumJesumChristum.thuia
936 2960 1087 3019 voluntate
1135 2961 1200 3027 Dei,
1242 2980 1293 3038 per
1335 2959 1438 3018 Jesum

394 3041 515 3098 firmitas
530 3041 597 3099 fidei
607 3054 737 3099 vestraea
752 3042 894 3120 principia
938 3041 1097 3099 Christum.

394 3141 486 3198 usque
501 3140 579 3179 nunc
600 3133 758 3198 permanet.
773 3133 803 3180 et
818 3123 896 3180 fruc.
980 3121 1023 3178 11.
1045 3119 1190 3195 fPropter
1214 3124 1286 3195 quod
1310 3123 1440 3178 succincti

395 3203 486 3260 titiant
497 3202 527 3258 in
538 3203 666 3260 Domino
679 3202 699 3258 J
702 3223 752 3260 esu
768 3202 894 3271 Christo,
940 3205 1044 3259 tumbas
1057 3210 1159 3259 vestros
1166 3205 1265 3259 servite
1279 3213 1294 3257 g
1305 3204 1368 3259 Dea
1378 3221 1439 3258 αιιιι

395 3283 445 3358 qui
468 3282 608 3340 sustinuit
626 3302 679 3360 pro
699 3283 823 3361 peccatis
845 3303 897 3338 no.
940 3287 1036 3340 timore
1056 3295 1086 3340 et
1107 3283 1138 3340 in
1156 3283 1297 3340 veritate:
1320 3281 1440 3340 dimissa

396 3362 464 3420 stris
477 3381 570 3438 usque
584 3363 621 3420 ad
636 3363 790 3420 mortemt‘:
807 3371 895 3436 ‘quem
939 3364 1016 3421 inani
1039 3361 1206 3438 vaniloquio
1227 3374 1256 3420 et
1279 3361 1372 3420 multo
1394 3381 1439 3419 er.

397 3445 566 3500 resuscitavit
583 3444 669 3510 Deus,
685 3445 830 3502 dissolvens
844 3445 892 3499 dv·
940 3463 1013 3501 rore.
1030 3441 1045 3486 ΙΙ
1055 3445 1163 3500 Credite
1177 3462 1246 3520 ergo
1261 3447 1289 3499 in
1304 3445 1380 3500 iilum
1393 3445 1440 3518 qui

398 3525 468 3580 tores
482 3523 591 3597 inserui.
620 3520 728 3587 donem
744 3543 825 3598 quum
841 3543 895 3580 noa
938 3527 1108 3581 resuscitavit
1138 3525 1289 3580 Dominum
1317 3532 1440 3580 nastrum

396 3605 528 3668 videritis,
540 3623 612 3660 nuuc
625 3607 757 3676 αἰθρίας,
772 3607 800 3660 iu
817 3597 895 3678 ciuem
938 3605 1033 3662 Iesum
1057 3606 1193 3661 Christum
1215 3623 1248 3660 es
1268 3607 1390 3670 mortuis,
1414 3611 1440 3660 et

397 3704 468 3740 nuuc
496 3703 549 3740 uon
574 3687 742 3758 aspicientes.
764 3687 894 3741 creditis.-
939 3688 1014 3742 dedit
1042 3688 1067 3741 ei
1094 3687 1212 3758 gloriam
1237 3695 1267 3742 et
1290 3686 1387 3743 sedem
1408 3684 1439 3740 in

397 3768 535 3822 credentes
548 3773 639 3821 autem
653 3767 808 3838 gaudebitis
823 3783 895 3838 gau·
940 3766 1061 3823 dextera
1075 3785 1145 3834 sua3
1166 3764 1213 3822 cui
1228 3765 1357 3842 subjectu
1371 3773 1440 3822 sunt

396 3848 442 3902 dio
455 3847 635 3903 inenarrabili
645 3854 672 3902 et
684 3848 855 3923 glorificato:
870 3847 898 3901 iu
941 3846 1038 3902 omnia
1065 3845 1202 3914 coelestia,
1224 3856 1255 3903 et
1283 3844 1440 3914 terrestris,

397 3929 469 4002 ηνοιί
496 3929 578 3983 mutii
598 3929 753 3983 desiderant
774 3928 897 3992 introire,
939 3936 969 3984 et
988 3926 1175 3985 subterranea
1186 3948 1194 3994 ς
1212 3927 1258 3983 cui
1274 3925 1368 3983 omnis
1382 3924 1442 4004 spi.

397 4007 522 4064 scientes
537 4005 606 4083 quis
618 4011 712 4080 gratia
724 4006 898 4083 esataisacti
938 4007 1014 4064 ritus
1034 4005 1124 4064 servit
1133 4028 1142 4075 ;
1164 4006 1215 4082 qui
1234 4017 1377 4064 venturus
1397 4015 1443 4064 est

822 4129 862 4175 Es·
874 4126 960 4175 Smithi
969 4128 1025 4174 edit.

430 4205 640 4268 *Λλλατριύσιι
707 4208 956 4270 τεσσαρακοστὴν.
1035 4209 1116 4257 eset.
1128 4207 1153 4255 ii.
1163 4221 1201 4268 24.
1270 4206 1443 4256 tressis.

397 4271 582 4334 saphatia.
648 4273 828 4333 trPct.i.r3.
896 4273 1073 4321 abutitur.
1143 4271 1321 4321 maesta.
