3316 5198
427 438 493 502 DE
516 437 919 503 PRAESCRIPTIONE
943 438 1072 503 ΗΕΒ.
1213 439 1278 508 159

228 622 265 684 et
282 612 442 704 ejusdem
467 612 598 707 regtdae
622 613 819 683 doctrinam
843 612 1011 706 apostolis
1031 615 1119 684 meis
1137 612 1278 708 delega-

228 751 357 812 veram,
375 730 438 800 sed
463 751 573 820 quum
598 750 661 798 vos
685 750 755 798 non
782 726 875 824 (for.
893 727 1023 800 deknd.
1044 731 1130 824 non)
1156 731 1277 800 erede·

227 845 323 927 retis,
341 844 446 915 libuit
462 844 549 915 mihi
566 853 691 937 postes
706 843 824 937 aliqua
840 844 923 914 inde
943 853 1093 916 mutare.
1145 844 1357 916 Resur·soea
1369 867 1403 916 vs.

228 961 423 1031 rectionem
447 960 675 1053 promiseram
702 960 812 1031 etiam
837 961 972 1032 earnis:
999 961 1061 1032 sed
1084 961 1276 1056 recogitavi

200 1097 275 1160 sne
292 1076 439 1170 implere
456 1099 528 1147 non
553 1099 703 1169 possem.
756 1074 895 1146 Natum
912 1099 972 1146 me
989 1077 1213 1148 ostenderam
1230 1101 1277 1148 ex
1286 1107 1361 1159 um„
1372 1109 1390 1158 1,

229 1193 387 1287 virgine:
412 1193 474 1263 sed
500 1200 624 1286 postea
639 1201 743 1284 trupe
768 1193 855 1262 mihi
877 1194 992 1264 visum
1015 1201 1080 1264 est.
1133 1193 1277 1264 Patrem
1287 1219 1397 1270 naar.

230 1310 400 1391 dixeram,
422 1309 482 1400 qui
506 1306 617 1379 solem
648 1315 686 1377 et
715 1307 851 1400 pluvias
876 1310 985 1381 fauit:
1012 1311 1073 1381 sed
1103 1309 1192 1381 alius
1217 1334 1277 1381 me

232 1425 340 1496 Pater
371 1423 498 1495 melior
529 1425 722 1518 adoptavit.
774 1423 1028 1498 Prohibueram
1058 1449 1121 1497 vos
1154 1449 1276 1497 aunem
1287 1448 1360 1499 naa
1371 1448 1414 1497 vu.

230 1540 496 1612 accommodare
530 1541 733 1612 haeretiois:
772 1541 835 1612 sed
869 1543 991 1612 erravi.
1049 1541 1149 1612 Talia
1182 1543 1277 1634 capit

186 1657 366 1749 1oopinuri
382 1677 453 1738 eos,
471 1657 531 1749 qni
548 1657 762 1740 exorbitant,
779 1665 818 1728 et
833 1657 916 1727 fidei
930 1655 1021 1752 (for.
1034 1658 1278 1729 exorbitantes

231 1773 316 1866 fide)
335 1774 503 1856 veritatis,
520 1771 716 1865 perieulum
741 1795 813 1843 non
839 1781 976 1844 cevent.

283 1889 355 1960 Sed
380 1912 475 1960 nuno
505 1889 649 1980 quidem
674 1887 889 1983 generaliter
911 1896 1032 1959 aetum
1053 1897 1108 1959 est
1133 1888 1277 1959 anobis
1321 1917 1406 1967 cup,

232 2009 399 2078 adversus
423 2005 575 2078 haereses
604 2027 736 2088 omnes,
763 2007 868 2076 cortis
891 2014 930 2076 et
952 2007 1060 2097 justis
1089 2012 1128 2076 et
1157 2027 1279 2076 neces-
1326 1981 1409 2032 XLV·

232 2125 330 2196 sariis
378 2122 701 2217 praescriptionibus
747 2121 966 2214 repellendae
1007 2145 1029 2192 a
1078 2121 1280 2192 conlatione

188 2242 496 2334 ¹5seripturarunr.
548 2236 606 2308 De
631 2235 778 2330 reliquo,
805 2238 835 2308 si
864 2236 935 2308 Dei
964 2237 1079 2330 gratia
1105 2237 1279 2319 annuerit,

233 2359 342 2429 etiam
372 2354 571 2448 specialiter
599 2352 809 2445 quibusdam
834 2352 1134 2446 respondebimus.
1187 2351 1280 2424 Haeo

234 2475 272 2544 in
304 2472 375 2543 lide
401 2471 560 2542 veritatis
589 2471 623 2540 oi
640 2522 760 2540 .....
778 2469 979 2563 legentibus
1008 2490 1079 2562 pax
1104 2475 1143 2540 et
1166 2471 1282 2564 gretia

236 2585 382 2659 Domini
406 2587 518 2660 nostri
543 2585 632 2657 Jesu
658 2584 790 2658 Christi
814 2586 853 2654 in
877 2593 1064 2656 aetemum.

468 2853 611 2908 CONTRA
637 2852 845 2905 murcos
870 2851 1048 2904 mum.
