3316 5198
403 477 446 540 88
740 469 1118 535 ANNOTA'l'IONES

403 645 522 710 factum
541 665 618 721 esse,
635 649 672 708 ut
693 649 822 706 ostenso
842 649 940 726 atque
955 641 1022 706 viso
1044 661 1082 705 eo
1106 641 1243 706 mundus
1262 649 1450 708 servaretur.

404 733 514 814 Atque
536 730 583 794 ita
607 750 718 792 revera
743 727 886 792 docuisse
911 727 1131 813 Hippolytum,
1156 727 1286 792 finuant
1311 751 1358 804 ea,
1382 751 1453 814 quae

460 823 579 880 uuntur
594 815 698 900 capite
713 832 761 880 12.

403 839 487 966 se(l).
505 903 559 965 66.
576 901 598 966 l.
614 921 648 981 4.
665 905 729 981 φῶς
751 902 783 962 ἐκ
806 899 905 981 φωτὸς
925 899 1055 982 γεννῶν]
1074 898 1126 964 Sic
1141 900 1238 964 locuti
1253 908 1329 965 ante
1343 907 1453 985 patres

405 988 561 1062 Nioaenos,
577 993 695 1073 praeter
709 984 921 1070 Hippolytum
943 993 1088 1050 nostrum
1110 983 1222 1050 sunt]
1224 986 1348 1050 ustinus
1365 987 1452 1050 Mar-

404 1073 681 1223 ffilfatianuslpp)
688 1071 923 1221 {tlhenagorap
934 1071 1322 1222 ιιὸοοὸῖὸέιῐοῦέοὸὶοοὶοιὲ)
1332 1071 1453 1221 Grpbio

406 1178 799 1331 Hipprillplullnvideturmce
807 1175 1010 1332 &domiciliis
1019 1179 1219 1328 temgldlibslg
1228 1179 1453 1329 pppoelrpivppo

426 1332 534 1396 uando
549 1331 685 1394 mundus
700 1328 856 1406 conditus,
868 1351 906 1394 ac
917 1336 1030 1415 postea
1044 1337 1189 1394 servatus
1203 1337 1262 1408 est,
1279 1351 1351 1394 cum
1366 1332 1454 1417 prius

406 1353 501 1482 ll'atri
515 1417 573 1482 soli
590 1416 695 1502 Logos
709 1415 838 1479 visibilis
852 1414 974 1479 suisset.

450 1502 535 1567 Ibid.
549 1503 570 1566 l.
586 1519 620 1586 5.
643 1503 697 1566 τὸν
717 1505 793 1566 ἴδιον
818 1503 903 1585 νοῦν]
928 1500 1028 1565 Filius
1055 1507 1131 1574 νοῦς,
1157 1505 1253 1584 σοφία
1279 1502 1397 1580 Patris,
1420 1511 1454 1567 et

406 1589 490 1653 infra
504 1611 529 1652 ο.
546 1589 610 1652 xiii.
626 1588 783 1652 voluntas.
808 1586 905 1650 Fusa

451 1674 534 1739 Ibid.
551 1675 570 1738 l.
587 1694 616 1758 9.
633 1672 749 1772 ἕτερον]
764 1672 896 1773 ‹lustino
917 1672 1055 1756 Martyri
1078 1674 1206 1757 quando
1229 1674 1258 1738 F
1260 1673 1330 1737 ilius
1353 1675 1455 1756 ἔτερόν

406 1787 434 1825 τι
455 1782 477 1824 a
499 1760 599 1825 Patre
623 1781 692 1823 esse
717 1760 841 1834 dicitur,
863 1766 897 1823 et
917 1759 1113 1823 Tertulliano
1135 1761 1262 1844 quando
1284 1761 1407 1824 Filium
1428 1770 1459 1824 ct

407 1847 537 1910 Patrem
561 1867 620 1910 osso
641 1843 733 1909 aliud
754 1843 793 1908 οὸ
814 1846 877 1909 alio
895 1844 1043 1921 affirmat,
1060 1846 1172 1910 eadem
1191 1867 1262 1932 quae
1279 1845 1455 1932 Hippolyto

407 1953 504 2008 mens,
535 1947 573 1996 ut
601 1952 807 2015 personarum
836 1930 1071 1995 distinctionem
1101 1933 1283 2009 ostendant,
1314 1953 1378 1996 non
1408 1939 1454 2010 ut,

407 2021 568 2098 ὸμοούσιον
581 2017 769 2081 inficientur.
793 2016 893 2080 Faus.

451 2103 532 2167 Ibid.
549 2104 571 2166 l.
588 2122 638 2167 12.
656 2105 688 2182 ἐξ
708 2104 743 2166 οῦ
766 2105 887 2184 δύναμιν
913 2103 1026 2185 Λόγος]
1056 2102 1108 2166 Sic
1131 2103 1215 2167 idem
1242 2103 1457 2168 Tertullianus

407 2212 435 2252 ο.
452 2211 482 2273 9.
502 2189 654 2253 adversus
678 2189 836 2252 Praxeam
862 2187 958 2252 Nosti
981 2195 1058 2252 ante
1081 2189 1301 2254 ambulonem:
1328 2189 1458 2254 “Pater

409 2283 429 2311 ‘⁸
443 2281 517 2339 tota
531 2274 711 2339 substantia
725 2282 785 2350 est,
797 2274 898 2338 Filius
908 2295 983 2338 vero
994 2273 1149 2339 derivatio
1160 2275 1260 2340 totius
1275 2283 1308 2340 et
1320 2275 1456 2362 portio.”

409 2361 455 2426 Et
470 2381 498 2424 c.
516 2378 544 2423 a.
562 2360 681 2458 “quasi
703 2381 768 2423 non
793 2361 838 2424 sio
864 2381 990 2444 quoque
1013 2381 1094 2424 unus
1120 2361 1162 2425 sit
1182 2362 1297 2440 omnia,
1319 2363 1394 2424 dum
1417 2384 1457 2426 ex

410 2454 430 2482 ‘⁶
445 2467 509 2510 uuo
524 2466 640 2522 omma,
652 2467 710 2531 per
724 2447 911 2510 substantiae
926 2444 1045 2510 scilicet
1059 2447 1246 2512 unitatem.”
1269 2448 1314 2513 Et
1325 2448 1379 2511 lib.
1392 2447 1455 2511 III.

409 2533 560 2597 sdversus
584 2531 738 2596 Marcion.
764 2553 790 2594 o.
818 2534 850 2596 6.
878 2532 1062 2596 “concedas
1091 2555 1218 2598 necesse
1247 2541 1296 2598 est
1320 2555 1374 2597 eos
1404 2534 1458 2620 qui

411 2617 580 2682 “Patrem
594 2639 658 2680 non
679 2618 877 2703 agnoverint,
892 2639 949 2682 nec
973 2617 1090 2681 Filimn
1112 2641 1284 2704 agnoscere
1305 2621 1456 2704 potuisse,

411 2703 1457 2879 11ltzlttt⁰tstlttttttltlttffltdtltttl?

411 2883 431 2912 ‘⁶
445 2875 566 2940 tudinis
580 2875 738 2939 consors.”
761 2875 859 2939 Faus

454 2960 537 3024 Ibid.
554 2961 573 3024 l.
588 2981 638 3041 14.
654 2965 733 3028 Παῖς
753 2961 851 3048 Θεοῦ]
866 2960 906 3026 Ὁ
927 2969 997 3030 παῖς
1022 2969 1074 3026 τοῦ
1102 2969 1193 3041 Θεοῦ,
1217 2963 1277 3028 Dei
1295 2962 1403 3040 Filius,
1419 2971 1457 3027 ut

408 3069 506 3134 supra
520 3068 547 3112 c.
562 3069 590 3110 ν.
606 3055 640 3111 et
655 3046 707 3110 vii.
733 3047 832 3110 Fusa.

452 3133 491 3197 P.
509 3135 559 3210 67.
574 3131 594 3197 l.
613 3150 641 3196 2.
659 3135 823 3218 φλυαρίαν]
844 3133 1008 3199 Valentini
1030 3133 1158 3200 AEonas
1180 3135 1295 3220 tangit,
1319 3141 1352 3199 et
1369 3134 1457 3198 Mar·

408 3219 507 3284 olonis
522 3219 626 3282 Deum
641 3217 849 3305 Demiurgum
864 3242 884 3285 a
900 3220 970 3284 Deo
985 3221 1069 3286 bono
1088 3243 1125 3284 ao
1149 3239 1271 3285 summo
1288 3221 1455 3297 diversum,

407 3313 442 3370 et
457 3304 600 3370 Ger-iuthi
614 3304 772 3390 angelicas
787 3313 967 3392 potestates
981 3307 1090 3371 mundi
1105 3308 1244 3395 opifices.
1270 3307 1368 3370 Fies.

452 3389 536 3454 Ibid.
554 3390 575 3453 l.
590 3407 621 3473 5.
639 3389 693 3453 ἕνα
715 3392 799 3456 Θεὸν
819 3393 936 3477 λέγειν]
967 3392 1041 3457 For.
1066 3394 1242 3478 legendum,
1269 3394 1317 3458 vel
1342 3394 1380 3460 ds
1402 3393 1457 3458 ἕνα

408 3476 492 3542 Θεὸν
505 3477 620 3557 λέγειν,
636 3475 686 3540 vol
700 3477 754 3540 ἕνα
770 3479 853 3542 Θεὸν
867 3477 1020 3559 λέγοντες.

452 3562 489 3626 P.
506 3563 557 3625 68.
574 3561 595 3624 l.
615 3563 647 3624 ό.
673 3563 742 3624 οῦδὲ
768 3563 829 3649 ἕν]
858 3565 938 3627 Post
962 3566 1030 3628 οὸὸὸ
1056 3566 1091 3628 ἔν
1115 3566 1148 3629 in
1171 3567 1275 3630 verbis
1297 3563 1457 3630 Johunnis

408 3649 536 3729 στιγμὴν
546 3653 667 3733 praeter
677 3645 890 3734 Hippolytum
899 3649 1020 3714 faciunt
1034 3650 1182 3728 Irenaeus,
1194 3653 1339 3717 Clemens
1350 3650 1454 3725 Alex,

408 3733 570 3820 Origenes,
596 3732 791 3818 Theophilus
820 3735 1041 3800 Antioohonus
1070 3745 1104 3801 et
1127 3737 1284 3802 Eusebius
1312 3737 1456 3884 pluribus

406 3819 493 3897 locis,
509 3827 607 3903 atque
629 3839 647 3882 e
666 3817 790 3883 Latinis
809 3821 1022 3886 Tertullianus
1044 3845 1082 3887 ac
1103 3824 1299 3900 Lactantius,
1350 3822 1456 3888 icton'-

406 3927 475 3984 nus,
492 3902 693 3991 Augustinus
713 3912 747 3970 et
765 3905 858 3992 longe
880 3914 954 3992 post
970 3907 1133 3973 Honorius
1156 3908 1456 3994 Augustodunonsis

405 3989 460 4055 lib.
480 3991 506 4056 Ι.
522 3992 562 4055 de
578 3991 722 4076 Imagine
738 3992 862 4070 Mundi,
879 4013 905 4056 c.
925 4012 955 4059 2.
973 3995 1129 4076 Quoniam
1144 4017 1218 4061 vero
1233 3995 1344 4059 eadem
1359 3994 1456 4060 intor-

429 4077 538 4142 unctio
575 4075 696 4162 placuit
726 4079 823 4142 etiam
853 4080 1009 4144 haeretiois
1038 4081 1220 4160 Valentino,
1254 4081 1454 4158 Heracleoni,

406 4099 583 4240 ll'heodoto,
600 4168 634 4227 et
650 4163 899 4242 Macedonianis,
918 4165 1195 4254 Eunomianisque,
1219 4168 1292 4232 hinc
1315 4169 1358 4231 ab
1376 4168 1454 4254 Epi-

429 4249 525 4312 honio
547 4255 625 4313 tom.
644 4246 688 4312 II.
705 4273 738 4337 p.
754 4252 806 4314 80.
824 4258 859 4315 et
883 4272 904 4314 a
929 4251 976 4316 ch
1016 4261 1157 4318 sostomo
1179 4254 1332 4338 rejicitur.
1357 4254 1454 4317 Fam.

406 4271 510 4398 lurco
537 4331 713 4414 Fabricius,
740 4337 773 4401 in
797 4346 875 4402 nota
897 4338 941 4401 ad
967 4338 994 4401 P
1019 4339 1174 4404 ilustrium
1203 4340 1253 4403 Do
1278 4338 1458 4405 Hoerosiuc
