3314 5190
391 471 457 536 308
775 465 808 527 S.
831 457 1068 526 CYPRIANI

395 653 433 714 et
462 640 749 732 cumulataque
778 637 967 731 praestitit3
1003 641 1040 704 et
1072 631 1236 724 operibus
1262 629 1370 722 justis
1402 651 1447 699 ac

395 758 645 832 misericordiae
679 755 815 826 meritis
848 759 1041 848 augmenta
1074 755 1112 819 et
1141 750 1360 818 incrementa
1388 767 1448 816 su-

396 876 586 958 mentibus,
613 873 712 944 farris
738 879 776 942 et
801 869 871 941 olei
901 891 983 940 vasa
1012 865 1191 958 completa
1219 871 1312 935 sunt.
1364 860 1447 933 Nee

396 993 477 1065 filiis
507 990 654 1064 abstulit
680 997 796 1059 mater
824 987 919 1080 quod
950 983 1069 1055 Heliae
1100 982 1209 1064 dedit,
1244 979 1306 1052 sed
1334 981 1448 1074 magis

399 1108 552 1182 contulit
568 1107 650 1177 filiis
666 1105 762 1198 quod
778 1105 931 1198 benigne
947 1109 985 1172 et
1001 1101 1060 1194 pie
1077 1099 1172 1170 fecit.
1218 1097 1267 1168 Et
1282 1096 1346 1168 illa
1362 1113 1474 1174 non-s

401 1227 487 1297 dum
517 1223 699 1294 Christum
730 1221 873 1303 sciebat,
899 1219 1057 1290 nondum
1082 1223 1258 1310 praecepta
1284 1214 1360 1306 ejus
1386 1237 1450 1283 an-

402 1343 524 1422 dierat,
547 1360 620 1406 non
642 1356 746 1406 emec
772 1341 810 1403 et
834 1333 997 1426 passione
1021 1331 1098 1422 ejus
1122 1328 1306 1420 redempta
1329 1326 1451 1397 cibum

402 1466 440 1529 et
465 1464 591 1549 potum
616 1476 679 1547 pro
705 1451 875 1544 sanguine
899 1447 1139 1541 rependebat3
1164 1451 1206 1515 ut
1231 1465 1276 1513 ex
1299 1443 1367 1513 hoo
1390 1465 1452 1536 sp-

404 1579 526 1668 pareat
550 1577 723 1664 quantum
749 1569 786 1636 in
812 1566 961 1636 ecclesia
986 1571 1111 1658 peccet
1137 1563 1197 1654 qui
1227 1585 1265 1632 se
1294 1569 1332 1630 et
1360 1559 1451 1631 tilios

405 1690 548 1761 christo
577 1693 794 1779 anteponens
824 1682 964 1752 divitias
994 1701 1074 1750 suas
1103 1687 1229 1762 servat,
1254 1701 1321 1748 nec
1345 1679 1503 1772 patri-10

404 1808 566 1880 monium
583 1804 765 1897 copiosum
781 1823 863 1870 cum
881 1798 1117 1891 indigentium
1134 1803 1341 1890 paupertate
1358 1817 1454 1867 com-

406 1924 575 1996 munient.

457 2037 567 2110 XIV.
595 2036 668 2110 Sed
685 2037 779 2105 enim
803 2032 1009 2102 multisunt
1032 2033 1069 2100 in
1086 2030 1192 2100 domo
1217 2028 1328 2112 liberi,
1346 2039 1384 2100 et
1401 2051 1456 2100 re-

405 2156 522 2227 tardat
550 2163 588 2224 te
617 2153 850 2223 numerositas
879 2149 1032 2219 filiorum
1062 2167 1132 2239 quo
1161 2147 1279 2216 minus
1308 2145 1453 2240 largiter

407 2271 510 2342 bonis
526 2270 691 2362 operibus
712 2269 860 2338 insistas.
912 2263 1027 2357 Atqui
1046 2264 1115 2335 hoc
1138 2263 1215 2357 ipso
1231 2265 1366 2357 operari
1383 2284 1502 2345 am-15

408 2386 501 2480 plius
519 2387 626 2456 debes
639 2409 709 2477 quo
725 2382 920 2453 multorum
937 2385 1125 2478 pignorum
1141 2389 1243 2476 pater
1255 2403 1303 2451 es.
1334 2380 1457 2453 Plures
1640 2429 1641 2464 ,

411 2509 494 2572 sunt
530 2524 594 2594 pro
631 2501 757 2593 quibus
788 2497 984 2569 Dominum
1020 2499 1226 2591 depreceris,
1263 2497 1458 2569 multorum

412 2617 542 2687 delicta
574 2615 780 2686 redimenda
808 2623 901 2697 sunt,
932 2615 1129 2686 multorum
1157 2616 1348 2709 purgandae
1377 2635 1459 2685 con-

413 2733 581 2815 scientiae,
611 2730 805 2802 multomm
835 2732 961 2801 animae
990 2731 1187 2802 liberandae.
1240 2729 1294 2802 Ut
1323 2731 1361 2800 in
1392 2730 1459 2800 hac

412 2849 488 2917 vita
510 2847 669 2919 saeculari
691 2847 826 2918 alendis
848 2847 1132 2940 sustinendisque
1158 2847 1363 2941 pignoribus
1389 2868 1505 2939 quoae

412 2964 526 3057 major
541 2972 596 3035 est
616 2986 794 3049 numerus,
811 2964 880 3036 hoc
900 2965 1013 3057 major
1032 2971 1070 3034 et
1091 2973 1254 3057 sumptus
1274 2972 1339 3048 est,
1355 2965 1407 3035 ita
1422 2971 1461 3034 et

414 3083 451 3151 in
480 3083 554 3151 vita
588 3081 736 3174 spiritali
765 3089 873 3174 atque
903 3081 1048 3164 coelesti,
1076 3105 1146 3173 quo
1176 3081 1326 3176 amplior
1354 3081 1461 3152 inerit

414 3199 602 3294 pignorum
632 3201 742 3292 copia,
772 3221 849 3270 esse
878 3207 916 3270 et
946 3219 1092 3292 operum
1122 3200 1230 3270 debet
1257 3199 1371 3293 major
1397 3202 1462 3271 im-

414 3337 532 3408 pensa.
584 3313 644 3385 Sic
669 3322 707 3385 et
736 3314 808 3385 Job
838 3315 1006 3386 sacrificia
1035 3337 1223 3387 numerosa
1251 3339 1315 3408 pro
1344 3313 1462 3388 liberis

415 3431 605 3515 offerebat3
632 3439 855 3524 quantusque
880 3439 956 3503 erat
981 3433 1019 3502 in
1045 3432 1152 3503 domo
1181 3434 1369 3528 pignorum
1398 3453 1510 3519 nn·a5
1640 3413 1641 3480 i

414 3569 544 3631 merus,
568 3554 689 3618 tantus
714 3547 864 3620 dabatur
890 3547 1033 3619 Decet
1060 3569 1226 3621 numerus
1256 3549 1462 3622 hostiarum.

418 3662 467 3734 Et
493 3664 660 3756 quoniam
685 3666 843 3757 quotidie
868 3666 990 3736 deesse
1014 3688 1087 3736 non
1113 3673 1233 3759 potest
1259 3667 1354 3758 quod
1382 3687 1465 3760 pec·

419 3789 520 3851 cetur
535 3782 573 3850 in
590 3789 781 3874 conspectu
803 3782 882 3866 Dei,
900 3783 1069 3854 sacrificia
1088 3779 1294 3875 quotidiana
1313 3807 1386 3854 non
1406 3783 1466 3856 de-

419 3906 530 3981 erant,
548 3899 675 3990 quibus
691 3907 835 3992 possent
851 3908 999 3992 peccata
1015 3901 1156 3994 tergeri.
1209 3897 1345 3972 Probat
1361 3903 1468 3996 scrip

273 4037 338 4090 0.r.
422 4023 502 4086 tura
527 4015 646 4086 divina
668 4015 807 4086 dicens:
834 4013 903 4087 Job
928 4013 1202 4089 innovasset
1216 4017 1334 4110 justas
1351 4013 1519 4108 badwino

412 4129 511 4224 filios
540 4140 663 4226 septem
693 4141 725 4204 et
747 4130 848 4228 filios
879 4141 956 4216 trae,
990 4143 1022 4204 et
1055 4131 1257 4206 emundabat
1285 4131 1364 4205 illos
1391 4129 1470 4230 (ffe-

422 4269 501 4317 reas
525 4271 595 4342 pro
624 4250 674 4321 eie
703 4246 832 4322 toan
861 4248 939 4322 Deo
972 4249 1156 4322 secundum
1185 4273 1365 4322 numerum
1395 4247 1472 4322 illc

423 4385 511 4446 mam,
534 4373 566 4434 et
583 4387 653 4458 pro
672 4365 822 4458 peccatis
845 4389 961 4436 eorum
988 4364 1130 4438 vitulum
1154 4389 1271 4437 unum.
1324 4365 1363 4438 Si
1386 4387 1472 4462 ergo
