3310 5224
652 492 904 566 LECTORI.
1248 495 1297 563 vii

245 725 340 806 quo,
378 694 456 776 etsi
501 691 683 774 ecclesiae
729 689 1122 797 Hierosolymitanae
1166 689 1299 770 honor

247 839 393 922 solitus
424 852 467 919 et
496 838 695 946 antiquus
728 863 885 917 canone
914 835 1091 944 septimo
1124 832 1300 916 Nicaeno

247 989 517 1070 confirmatus
551 998 624 1081 est7
658 985 856 1066 Caesareae
890 995 1030 1084 tamen
1068 982 1300 1092 metropoli,

247 1133 394 1216 eodem
423 1159 581 1213 canone
605 1131 794 1240 jubente,
813 1126 924 1210 salva
952 1129 1147 1210 manebat
1172 1127 1300 1211 eccle

247 1275 410 1358 siastica
439 1300 514 1355 sua
547 1270 741 1380 dignitas
774 1273 893 1380 cujus
926 1271 1098 1379 quidem
1132 1271 1299 1354 iustitu-

248 1417 367 1500 endae
382 1414 654 1527 praerogativa
668 1411 799 1498 civilis
818 1412 956 1494 fuerat
974 1413 1157 1495 initium.
1193 1414 1299 1505 Quae

248 1589 371 1671 porro
397 1561 692 1644 deferebantur
717 1559 773 1639 ad
795 1557 1034 1668 episcopum
1059 1557 1296 1641 Romanum

249 1702 557 1813 appellationes,
583 1728 686 1810 quas
715 1700 856 1782 favens
885 1697 934 1797 ei,
953 1713 997 1783 et
1025 1701 1068 1782 in
1098 1699 1298 1784 honorem

249 1849 288 1929 S.
305 1846 432 1944 Petri,
450 1858 706 1932 concesserat
730 1844 971 1927 sardicense
996 1842 1230 1942 concilium,
1251 1857 1300 1926 ut

250 1991 447 2072 nimirum
467 2017 600 2074 causae
620 1987 847 2085 nonnullae,
861 1989 939 2071 etsi
958 1989 1074 2099 prius
1088 1989 1299 2099 judicatae,

250 2137 283 2217 si
314 2148 451 2217 tamen
482 2134 672 2243 pontifex
701 2132 772 2215 ille
797 2132 858 2214 ita
881 2135 1061 2243 juberet,
1080 2133 1124 2214 in
1153 2135 1296 2216 eadem

250 2279 420 2388 quidem
450 2279 660 2388 provincia
688 2289 1022 2374 retractarentur,
1048 2276 1122 2358 has
1150 2277 1298 2386 utique

251 2423 561 2531 provocationes
606 2421 796 2530 universa
839 2420 1010 2502 ecclesia
1052 2419 1298 2530 neutiquam

251 2533 479 2646 sanciebat..
533 2564 656 2652 Quod
676 2564 847 2673 quidem
871 2591 1028 2646 canone
1053 2575 1168 2646 sexto
1189 2560 1298 2645 Con-

252 2706 336 2789 cilii
380 2707 559 2790 Secundi
602 2704 805 2815 generalis
847 2705 1010 2814 liquido
1054 2705 1299 2790 ostenditur.

255 2849 457 2958 Idemque
482 2851 723 2958 comprobat
750 2876 883 2931 canon
912 2877 1049 2930 nonus
1075 2848 1301 2932 Chalcedo-

253 2992 405 3075 nensis.
464 2992 578 3083 Quin
599 3005 642 3073 et
665 2993 800 3101 ipsum
821 2990 1042 3074 concilium
1063 2991 1300 3074 Sardicense

254 3135 405 3218 saeculo
425 3161 536 3218 nono
561 3136 683 3218 haud
701 3148 914 3245 receptum
941 3165 965 3217 a
988 3136 1146 3218 Graeois
1166 3136 1301 3231 luisse,

254 3309 305 3361 cx
336 3279 512 3390 epistola
544 3281 695 3361 scimus
727 3279 889 3362 Nioolai
916 3279 949 3360 I.
978 3279 1187 3389 pontilicis
1219 3281 1303 3360 ue

44 3393 53 3408 .
135 3479 154 3508 .
255 3425 367 3505 rnani
387 3423 440 3506 ad
461 3422 697 3504 Photium⁰.
754 3423 890 3506 Taceo
909 3422 962 3504 de
981 3421 1165 3532 epistolis
1185 3451 1304 3532 pseu-

255 3565 615 3663 dodecretalibus,
639 3569 680 3650 in
707 3569 859 3676 quibus
888 3565 1185 3676 appellationes
1214 3569 1304 3649 istae

255 3724 480 3823 apparent;
511 3711 576 3792 hae
602 3712 714 3794 enim
738 3710 924 3820 epistolae
953 3738 1108 3792 merces
1137 3723 1302 3794 tantum

256 3857 433 3952 furtivae,
452 3868 496 3937 et
515 3854 640 3964 paulo
659 3871 757 3936 ante
777 3853 866 3936 haec
886 3867 1072 3964 tempora
1100 3852 1304 3938 Photiana

257 3998 451 4093 inductae,
471 4025 583 4079 nunc
602 3997 794 4078 omnibus
816 3998 1021 4080 videntur.

312 4141 394 4222 Sed
412 4138 501 4223 haec
521 4141 733 4223 hactenus.
787 4141 846 4222 Ut
866 4139 971 4239 libri,
991 4169 1095 4250 quos
1114 4142 1203 4238 edo,
1218 4145 1305 4251 jam

431 4375 444 4406 ⁰
463 4363 582 4427 Concil.
598 4371 675 4428 tom.
690 4365 730 4427 V.
748 4389 778 4450 p,
798 4337 868 4450 135.
884 4366 960 4430 edit.
978 4367 1137 4430 Harduin.
