3316 5198
401 461 466 526 144
737 462 1114 527 TERRTULLIANI

285 663 325 696 ·v·
401 645 449 720 et,
471 633 558 706 Tam
576 635 669 732 (sor.
695 638 792 720 item,
818 662 892 731 pro,
921 647 968 720 et,
994 634 1091 720 Tam,
1108 635 1253 707 Jaaias.
1272 637 1340 709 aid.
1363 642 1447 731 aot.)

304 763 321 812 i·
401 751 481 824 bene
498 750 695 836 currebatis,
716 753 794 847 qais
819 776 876 826 cos
903 752 1076 848 impetat
1102 754 1296 846 Ipsumque
1321 755 1449 847 princi-

401 871 511 962 pium,
528 867 651 940 Miror
667 868 759 964 qaod
779 870 831 940 sic
855 879 924 940 tam
955 869 1022 940 cito
1052 867 1308 963 tracuscrimiai
1333 868 1374 940 ab
1400 894 1447 954 co,

400 987 462 1081 qui
495 1009 553 1058 cos
586 987 716 1057 cocaait
751 987 789 1056 ia
820 986 984 1083 qratiam,
1018 985 1066 1056 cd
1096 984 1195 1056 aliud
1228 985 1447 1083 ccaapcliam.

240 1123 249 1156 ¹
301 1107 375 1194 sap·
402 1103 497 1174 Item
531 1104 575 1174 ad
610 1102 812 1174 Corinthios
845 1105 1025 1196 scriptum,
1056 1102 1150 1194 quod
1185 1114 1303 1174 essent
1332 1105 1473 1188 adhuc5

314 1197 358 1228 'w
400 1220 558 1292 carnales
585 1221 646 1311 qui
676 1219 769 1290 laete
799 1221 1043 1300 educarentur,
1070 1219 1229 1300 nondum
1259 1221 1376 1290 idonei
1403 1222 1447 1291 ad

400 1337 581 1431 pabulum,
616 1337 676 1428 qui
715 1343 883 1428 putarent
916 1357 955 1406 se
997 1336 1085 1406 seire
1127 1334 1271 1427 aliquid,
1306 1339 1447 1428 quando

400 1456 557 1525 nondum
576 1454 706 1524 scirent
724 1453 1023 1545 quemadmodum
1041 1453 1121 1523 sciri
1138 1460 1328 1544 oporteret.
1355 1453 1447 1525 Cum

401 1580 579 1663 correptas
613 1569 778 1640 ecclesias
819 1576 1014 1661 opponunt,
1048 1568 1195 1639 credant
1231 1568 1446 1640 emendatas.

240 1697 312 1745 Rau·
324 1711 365 1774 κγ·
402 1688 475 1759 Sed
492 1686 625 1758 stillas
641 1693 904 1781 recognoscant,
922 1686 967 1756 de
984 1708 1132 1777 quarum
1150 1686 1219 1756 fide
1246 1695 1283 1756 et
1300 1687 1448 1757 scientia
1462 1715 1496 1754 ιο

239 1761 373 1890 ild-“lis
402 1815 439 1874 et
467 1803 733 1875 conversatione
760 1791 944 1894 apostolua'
972 1803 1115 1896 gaudet,
1144 1811 1181 1872 et
1209 1802 1288 1872 Deo
1317 1805 1447 1897 gratias

401 1920 496 2014 agit:
530 1943 608 2011 qum
637 1927 758 1990 tamen
788 1918 893 1989 hodie
921 1941 1003 1988 cum
1037 1916 1106 1990 illis
1141 1919 1309 2011 correptis
1343 1920 1448 1989 unius

401 2037 635 2107 institutionis
654 2037 737 2127 jura
761 2037 923 2106 miscent.

274 2169 360 2219 cnr.
452 2152 535 2246 Age
565 2175 679 2222 nune:
711 2149 846 2223 Omnes
880 2152 1096 2235 erraverint3
1127 2153 1297 2243 deceptus
1331 2153 1376 2222 sit
1411 2160 1448 2222 et

237 2235 382 2350 sfflll'
402 2267 582 2362 apostolus
610 2269 655 2338 de
680 2269 884 2338 testimonio
909 2267 1088 2338 reddendo
1114 2269 1345 2360 quibusdam
1370 2269 1493 2352 nul-15

237 2375 315 2416 “¹''
403 2383 474 2453 lam
509 2385 703 2477 respexerit
737 2383 889 2476 Spiritus
920 2381 1072 2453 Sanctus
1100 2385 1152 2453 uti
1188 2407 1267 2455 eam
1294 2385 1331 2453 in
1359 2385 1449 2453 veri-

402 2509 514 2570 tatem
541 2501 742 2580 deduceret,
764 2499 809 2569 ad
835 2498 904 2569 hoc
931 2501 1058 2570 missus
1085 2522 1107 2569 a
1131 2499 1284 2582 Christo,
1310 2501 1355 2571 ad
1381 2501 1447 2571 hoc

401 2617 600 2709 postulatus
627 2618 672 2687 de
698 2615 815 2698 Patre,
839 2623 880 2684 ut
905 2625 998 2686 esset
1019 2617 1144 2686 doctor
1159 2618 1338 2700 veritatis;
1364 2641 1449 2710 neg-

401 2734 530 2804 lexerit
559 2733 714 2804 officium
740 2731 810 2802 Dei
837 2731 984 2814 villicus,
1003 2731 1137 2803 Christi
1153 2735 1312 2816 vicarius,
1330 2736 1447 2804 sinens

401 2849 566 2919 ecclesias
600 2848 704 2918 aliter
736 2849 878 2918 interim
913 2847 1121 2941 intelligere,
1155 2849 1259 2920 aliter
1293 2851 1495 2931 crederem

400 2967 494 3057 quod
524 2967 599 3058 ipse
629 2989 693 3058 per
720 2965 898 3058 apostolos
927 2965 1165 3058 praedicabat:
1201 2967 1328 3058 ecquid
1358 2968 1448 3036 veri-

399 3081 514 3152 simile
531 3091 596 3165 est,
614 3090 655 3152 ut
669 3090 724 3153 tot
737 3105 779 3152 ac
796 3091 908 3152 tantae
926 3083 962 3151 in
979 3104 1087 3152 unam
1105 3083 1213 3154 fidem
1230 3082 1446 3153 erraverint?

401 3197 534 3268 Nullus
559 3199 653 3268 inter
681 3198 814 3268 multos
843 3206 992 3269 eventus
1018 3221 1128 3269 unus:
1156 3201 1273 3270 exitus
1297 3200 1447 3268 variasse

400 3313 571 3384 debuemt
588 3314 747 3385 ordinem
766 3312 858 3409 (sor.
878 3313 1011 3384 Nullus
1037 3315 1130 3384 inter
1147 3314 1280 3384 multos
1297 3325 1446 3385 eventus

398 3454 491 3501 unus
509 3432 647 3500 exitus:
675 3433 825 3502 variasse
848 3431 1044 3501 debuerant
1062 3431 1195 3514 ordine,
1214 3431 1290 3502 uide
1313 3435 1444 3524 notam)
1457 3467 1491 3525 ²5

399 3545 570 3617 doctrinae
597 3545 835 3618 ecclesiarum.
887 3545 1055 3616 Cetemm
1078 3550 1172 3639 quod
1198 3549 1292 3642 apud
1315 3549 1447 3620 multos

398 3686 510 3733 unum
544 3664 731 3744 invenitur,
766 3686 838 3733 non
877 3671 932 3733 est
966 3673 1132 3746 erratum,
1168 3668 1229 3736 sed
1264 3667 1446 3736 traditum.

399 3777 545 3850 Audeat
575 3803 659 3873 ergo
688 3779 830 3870 aliquis
850 3781 975 3862 dicere,
1003 3780 1082 3852 illos
1116 3805 1258 3864 enasse,
1289 3785 1349 3874 qui
1378 3793 1448 3853 tra»

399 3898 575 3967 diderunt.

450 4012 603 4105 Quoquo
620 4011 727 4082 modo
744 4013 791 4081 sit
805 4020 971 4095 erratum,
990 4015 1126 4084 tamdiu
1143 4014 1268 4107 utique
1286 4016 1447 4107 regnavit
1456 4049 1495 4105 ³0

399 4148 504 4208 error,
522 4127 691 4219 quamdiu
705 4127 857 4199 haereses
874 4151 946 4198 non
963 4138 1087 4212 erant;
1112 4130 1248 4222 aliquos
1268 4129 1447 4198 Marcion-

399 4243 468 4313 itas
493 4254 531 4313 et
553 4243 824 4315 Valentinianos
850 4243 1031 4314 liberanda
1055 4247 1184 4316 veritas
1214 4243 1445 4337 expectabat:

399 4357 536 4429 interea
564 4381 749 4452 perperam
775 4360 1092 4453 evangelizabatur,
1118 4384 1302 4454 perperam
1328 4359 1449 4430 crede·
