3294 5192
427 481 492 544 ecl
762 475 1142 544 ANNOTATIONES

430 649 508 726 mihi
538 650 657 750 pisam3
698 648 755 712 sed
783 647 817 711 in
849 647 913 712 alio
942 647 1080 732 quodam
1117 647 1224 712 codice
1252 667 1324 711 meo
1360 646 1477 733 legitur

427 755 463 800 so
591 756 628 799 os.

454 733 597 884 figdhdld.
611 820 632 884 1.
645 839 694 883 ιι.
721 817 831 884 Vidua
849 825 884 884 et
897 817 988 904 inops
1002 817 1035 882 in
1049 837 1145 904 opere
1165 817 1339 904 invenitur]
1364 819 1477 894 Video,

431 916 460 972 et
505 907 513 922 ‘
535 928 577 972 uo
591 906 687 991 inops,
703 903 790 969 νιόιιι
807 905 892 969 dices
908 904 943 968 io
962 925 1047 989 opere
1067 903 1231 968 aeaco.
1278 903 1332 969 Ita
1351 904 1479 969 restitui

431 991 516 1056 hunc
530 991 633 1056 locum
653 1012 694 1056 ex
712 990 775 1054 lide
794 989 911 1054 codicis
930 988 1124 1076 Burgrmdici
1138 995 1172 1053 et
1191 988 1295 1054 sancti
1308 989 1478 1074 Arnulphi.

431 1077 592 1144 (iratorum
605 1076 691 1141 mala
704 1097 769 1140 non
783 1084 833 1141 est
847 1074 942 1140 lectio
957 1073 1247 1160 Gratianopolitami
1258 1073 1395 1140 etunius
1405 1076 1478 1153 mei,

431 1162 594 1248 inquibus
608 1163 762 1247 scriptum
781 1168 850 1227 est:
882 1161 986 1226 Vc'deea
1004 1171 1032 1226 et
1050 1163 1065 1226 i
1123 1183 1137 1224 s
1154 1161 1325 1225 aeacidae
1344 1161 1480 1246 inopere

429 1249 601 1314 eamear.
640 1249 743 1312 Porro
764 1268 827 1312 vox
852 1246 950 1346 torpe,
974 1268 1070 1332 quam
1134 1245 1289 1310 anutiana
1313 1247 1412 1312 editio
1432 1246 1480 1310 in-

431 1334 540 1410 seruit,
561 1355 604 1398 nu
643 1333 707 1398 iam
726 1332 884 1432 reperitur
902 1353 936 1396 ιιι
949 1332 1089 1417 antiquis
1108 1331 1340 1416 exemplaribus
1361 1333 1480 1398 nestris

430 1442 533 1505 neque
553 1419 585 1483 in
638 1419 799 1505 nglicams.
822 1417 942 1483 Banuz.
985 1418 1074 1483 Ante
1096 1417 1261 1482 Beluzium
1280 1419 1481 1503 praestabant

431 1506 509 1570 editi
528 1504 670 1590 plerique
684 1504 781 1568 cloec
794 1513 822 1568 et
840 1504 928 1588 coepe
941 1503 1038 1568 ordeo
1052 1505 1088 1568 ic
1106 1525 1192 1588 opere
1211 1503 1301 1588 &erpo
1315 1505 1479 1569 invonitur.

432 1591 566 1656 Praetuli
577 1611 636 1677 ego
645 1590 787 1654 codicum
798 1609 941 1654 meorum
950 1590 1140 1674 scripturam
1151 1610 1232 1673 pene
1246 1589 1395 1668 omnium,
1405 1597 1477 1656 ten-

431 1685 500 1742 tum
515 1676 547 1741 in
563 1678 632 1742 cod.
648 1675 729 1740 Novi
744 1674 822 1740 0011.
841 1695 868 1738 1.
883 1682 917 1739 et
932 1674 965 1738 in
979 1681 1116 1760 utroque
1131 1675 1292 1738 Druriano
1306 1697 1368 1739 vox
1382 1677 1479 1740 vidam

430 1763 569 1849 repetita
590 1769 649 1840 est,
665 1762 740 1824 dum
762 1761 845 1826 dices
861 1761 896 1824 ia
917 1781 1002 1845 moero
1021 1767 1156 1846 praestat
1170 1761 1240 1824 cod.
1256 1759 1338 1824 Novi
1353 1761 1431 1827 0011.
1445 1779 1477 1824 o..

430 1849 463 1912 in
485 1849 614 1913 vocibus
628 1847 712 1912 enim
726 1848 813 1932 lcops
826 1851 861 1911 et
874 1867 960 1931 opere
973 1847 1011 1910 fit
1030 1845 1262 1932 paronomasia,
1278 1854 1315 1911 ut
1333 1847 1479 1913 rhetores

429 1933 440 1997 l
483 1941 612 1999 uuntur.
660 1932 770 1997 Nescit
784 1951 892 1996 vocem
907 1931 958 1996 bar
975 1953 995 1996 a
1010 1931 1109 1996 editio
1124 1931 1260 1996 Erasmi.

492 2019 556 2085 bid.
571 2019 593 2083 l.
608 2019 657 2083 18.
683 2018 829 2084 Christus
852 2016 930 2081 illud
982 2017 1116 2082 eidam
1144 2017 1299 2106 appellat]
1329 2017 1478 2084 Referen-

429 2107 506 2170 dum
520 2105 646 2171 videtur
659 2103 742 2170 illud
754 2103 796 2168 ad
810 2101 1069 2189 gazophylacium
1080 2124 1177 2188 supra
1191 2125 1223 2189 p.
1232 2119 1307 2188 305.
1323 2103 1344 2168 1.
1358 2105 1416 2170 ult.

474 2192 513 2256 P.
526 2210 600 2276 309.
617 2191 636 2254 1
647 2209 702 2276 32.
724 2188 769 2254 Et
790 2210 883 2268 nuno,
906 2187 960 2267 fili,
975 2190 1093 2253 mando
1110 2191 1166 2252 &a
1205 2189 1366 2254 Aderam
1388 2191 1479 2256 MSti

430 2274 780 2342 Dmriauireceutioris
797 2273 923 2359 scripsit
944 2274 1101 2339 librarius.
1180 2274 1299 2340 mdccc
1316 2273 1417 2340 Tobiae
1434 2280 1481 2342 ed

418 2363 505 2446 filice
528 2361 739 2427 mutesco.
779 2360 859 2424 Mox
882 2381 941 2460 pro
966 2360 1095 2424 vocibus
1117 2361 1152 2424 ic
1169 2359 1335 2445 octauam
1362 2363 1479 2427 substi-

429 2454 538 2513 tuerat
562 2469 604 2513 ex
626 2445 786 2510 codicibus
809 2444 915 2509 MStrs
946 2444 1054 2510 Fellus
1074 2446 1110 2509 ia
1132 2444 1274 2526 umbros,
1299 2447 1355 2511 sed
1379 2448 1479 2514 etiam

428 2533 500 2598 libri
516 2532 627 2617 scripti
640 2532 725 2596 inter
739 2552 773 2596 se
787 2530 839 2594 hic
852 2530 989 2595 variant.

474 2620 510 2682 P.
523 2637 596 2702 310.
612 2616 633 2682 1.
649 2618 700 2680 28.
717 2615 885 2702 quadriga]
905 2616 1066 2701 Majorum
1080 2616 1327 2702 magistratuum
1340 2618 1478 2684 honores

429 2710 463 2768 at
477 2702 621 2789 insignia.
661 2701 795 2779 Ocalee,
811 2701 915 2786 inquit
930 2701 1057 2780 Festus,
1072 2703 1139 2786 equi
1153 2702 1358 2788 qecdripcks.
1381 2703 1475 2769 Frui..

473 2790 513 2853 P.
526 2808 601 2875 311.
616 2788 637 2852 l.
652 2808 700 2869 14.
720 2809 758 2852 ac
778 2787 838 2852 nisi
853 2787 951 2851 editio
971 2787 1107 2852 honesta
1125 2789 1312 2853 successerit
1353 2789 1405 2854 Sic
1419 2790 1476 2856 lib.

428 2877 469 2941 ad
495 2875 676 2940 Donatum:
710 2873 814 2938 Stulta
981 2883 1009 2936 et
1033 2893 1116 2936 caua
1132 2873 1270 2957 jecora,
1313 2877 1478 2940 nmmos

427 2961 589 3062 spectaculi
615 2960 766 3046 volomtate
801 2960 808 2974 '
854 2980 974 3059 parere
1001 2957 1134 3036 eleae,
1162 2959 1244 3043 qaod
1269 2980 1323 3024 uec
1343 2961 1479 3046 populus

427 3047 992 3198 cocppppoti·eppczdprptumcpqpptopltpss
1014 3043 1220 3214 {leslllintibus
1248 3083 1476 3220 adaquantur}

429 3218 579 3296 Numero,
594 3225 632 3282 nt
646 3238 721 3281 mox
735 3222 880 3301 apparet.
1237 3234 1239 3238 ’

473 3305 511 3368 P.
523 3323 598 3388 314·
612 3303 634 3367 l.
646 3321 696 3386 25.
713 3300 921 3385 aequalitatis]
943 3299 997 3365 Ita
1012 3299 1165 3364 Erasmus
1180 3309 1213 3366 et
1231 3301 1285 3366 alii
1303 3309 1377 3387 post
1390 3325 1477 3368 eum.

430 3388 525 3453 Nolui
546 3395 655 3453 autem
676 3394 811 3465 mutare,
838 3386 981 3471 quamvis
1001 3385 1034 3449 in
1056 3386 1201 3451 omnibus
1225 3387 1291 3451 fere
1317 3389 1479 3454 codicibus

428 3475 569 3559 antiquis
591 3480 624 3538 et
646 3474 678 3537 in
700 3472 926 3537 vetustioribus
950 3471 1142 3536 editionibus
1166 3472 1196 3537 le
1238 3479 1293 3537 tur
1359 3475 1479 3540 aetatis

429 3561 546 3624 Bacca.
591 3559 691 3623 Recte
712 3565 868 3645 praestant
888 3556 1075 3642 equatimo
1100 3557 1170 3622 cod.
1223 3558 1275 3622 ovi
1296 3558 1342 3624 (lo
1366 3579 1421 3624 .2.
1442 3569 1479 3626 et

430 3647 502 3710 MS.
528 3667 618 3709 meus
642 3666 744 3729 nuper
768 3644 1008 3719 Tewateranus‚¹
1031 3664 1103 3706 cum
1131 3643 1301 3708 recentiori
1326 3667 1367 3709 ex
1392 3645 1479 3710 Dru-

428 3732 535 3797 riauis.
581 3730 702 3812 Quibus
718 3729 808 3794 libris
829 3728 922 3793 simul
936 3728 1020 3793 addo
1041 3727 1130 3792 Flori
1149 3728 1369 3815 Lugdunensis
1392 3732 1480 3796 Gono—

427 3817 611 3882 meretcriwm
625 3837 723 3901 penes
736 3837 787 3879 me
801 3814 965 3891 ineditum,
982 3835 1075 3898 quem
1089 3814 1177 3898 prius
1191 3816 1371 3894 memoravi,
1387 3839 1482 3902 aper

428 3903 583 3988 Epistola
597 3901 762 3965 Paulines.
805 3900 955 3964 Proxime
970 3899 1141 3984 scripserat
1155 3908 1278 3980 auctor,
1293 3901 1472 3987 aqualiter:

473 3990 511 4053 P.
520 4005 595 4073 315.
609 3987 631 4051 l.
647 4007 695 4051 ιο.
712 3985 872 4051 Praeclara
887 3992 921 4051 et
935 3984 1041 4050 divine
1059 3987 1125 4069 res]
1155 3986 1271 4051 Melius
1291 3989 1482 4072 procederet

429 4074 542 4151 oratio,
560 4073 586 4138 si
600 4073 760 4158 legeretur
773 4094 821 4136 res
835 4081 886 4136 eso.

473 4160 556 4224 lbid.
571 4159 591 4222 1.
605 4177 623 4224 ι
624 4178 656 4242 5.
673 4157 751 4222 Dies
761 4179 819 4222 nos
829 4157 879 4221 vel
888 4153 1069 4242 reditionis]
1085 4155 1160 4220 Dies
1170 4177 1222 4220 cos
1232 4156 1278 4221 ool
1287 4157 1480 4224 redditionis.

430 4245 644 4310 Tertullianus
658 4244 698 4308 de
710 4243 890 4308 Resurrect.
907 4241 1019 4307 (lamis
1030 4263 1057 4306 c.
1068 4259 1121 4325 32.
1136 4241 1360 4308 reddibitionem
1375 4244 1480 4330 ponit.

425 4331 545 4395 ¹Altera
559 4329 653 4394 lectio
668 4351 738 4414 quae
759 4329 935 4394 reditiooom
953 4328 1061 4401 habet,
1078 4327 1219 4414 Rigaltio
1233 4349 1297 4392 non
1311 4329 1477 4413 displicet:

429 4427 467 4480 ut
480 4425 498 4452 “
507 4415 632 4488 reditio,
643 4436 714 4499 quae
729 4421 906 4498 spontanea
916 4412 1050 4492 videtur,
1063 4414 1275 4497 persecutioni
1286 4423 1479 4500 opponatur,
1493 4413 1520 4447 ³
