3314 5190
324 486 357 548 S.
380 483 617 548 CYPRIANI
641 483 705 547 DE
730 483 853 548 ZELO
877 483 942 548 ΕΤ
969 483 1157 550 LIVORE.
1203 485 1269 550 817

218 655 339 728 Sobrii
363 663 464 726 estole
488 663 520 725 ct
545 651 690 753 cipilute,
717 655 799 748 quia
822 653 1041 726 advesarius
1064 663 1170 729 uester
1192 655 1287 728 dic-1
1304 671 1391 722 rev.

218 770 313 844 bolus
338 781 500 866 tauquam
528 769 579 842 leo
608 772 747 868 rupious
777 772 902 843 circuit
928 769 1075 867 aliquem
1105 773 1269 845 duorum

219 911 385 982 quercu.
420 888 556 960 Circuit
573 887 634 959 ille
651 911 715 958 nos
732 888 898 983 singulos,
916 897 954 960 et
971 897 1139 982 tunquam
1157 889 1269 961 hostis

219 1004 355 1076 clausos
372 1005 545 1088 obsidens,
558 1027 678 1076 muros
694 1004 866 1098 exploret,
884 1013 922 1076 et
938 1013 1056 1076 tentet
1068 1028 1113 1076 un
1127 1007 1173 1076 sit
1188 1027 1269 1100 pers

192 1120 336 1212 solique
358 1143 540 1192 muronrm
562 1122 680 1192 minus
702 1119 837 1191 stabilis
859 1129 898 1192 et
922 1122 1040 1192 minus
1064 1121 1144 1205 lide,
1168 1122 1269 1215 cujus

218 1236 319 1306 editu
341 1237 386 1307 ed
409 1237 576 1306 interiore
597 1245 813 1328 penetretur.
865 1235 981 1308 Offert
1004 1235 1116 1306 oculis
1139 1236 1269 1308 formas

219 1350 331 1422 illices
354 1363 391 1421 et
416 1351 537 1422 faciles
564 1351 775 1444 voluptates,
801 1359 843 1422 ut
872 1352 949 1423 visu
977 1353 1136 1423 destruct
1165 1354 1269 1423 costi-

219 1475 342 1536 tutem.
381 1463 499 1536 Aures
520 1489 727 1559 percanora
743 1469 878 1540 musico
894 1477 1021 1552 tentet,
1038 1477 1081 1539 ut
1097 1470 1173 1540 soni
1191 1467 1269 1540 dula

219 1584 321 1654 oloris
338 1583 463 1654 auditu
483 1581 597 1654 solvet
619 1592 656 1654 et
678 1584 816 1656 molliet
839 1585 1079 1657 Christianum
1097 1586 1266 1679 vigorem.

174 1697 396 1792 roLingrmm
424 1699 582 1770 convicio
603 1709 770 1791 provocet
793 1699 886 1796 (sor.
907 1709 1076 1795 provocet
1098 1702 1143 1772 ed
1166 1710 1269 1794 petu-

223 1813 395 1907 lantium)
429 1837 575 1885 manum
617 1816 751 1909 injuriis
788 1815 1042 1888 lacessentibus
1083 1817 1128 1887 cd
1165 1825 1269 1910 petu-

220 1929 367 2002 lantium
395 1928 487 2025 (sor.
513 1930 728 2001 violentiam.
755 1931 825 2002 vid.
848 1935 939 2025 not.)
967 1932 1074 2002 caedis
1101 1933 1268 2026 instigut3

220 2057 261 2118 ut
279 2047 517 2118 fraudatorem
538 2047 654 2130 faciet,
672 2047 771 2119 lucre
791 2049 938 2141 opponit
958 2049 1108 2139 injuste3
1136 2055 1178 2117 ut
1194 2048 1269 2118 eni·

219 2185 315 2234 mum
337 2165 489 2257 pecunie
510 2165 636 2257 cupiet,
664 2165 793 2259 ingerit
817 2165 1013 2257 perniciose
1038 2164 1268 2256 compendio3

177 2280 371 2362 15honores
395 2288 554 2350 terrenos
580 2281 757 2372 promittit
783 2288 824 2350 ut
847 2279 1009 2352 coelestes
1034 2281 1189 2364 edimut;
1214 2301 1270 2350 os·

220 2404 337 2468 tentet
359 2396 448 2468 falsu
470 2404 511 2466 ut
533 2419 615 2466 veru
637 2395 828 2490 subripiot;
854 2405 892 2467 et
914 2419 997 2468 cum
1022 2396 1175 2468 latenter
1197 2419 1269 2467 non

219 2520 338 2606 potest
354 2511 487 2594 fallere,
505 2519 628 2583 exerte
651 2519 758 2604 utque
775 2521 898 2606 operte
915 2515 1079 2596 minatur,
1097 2521 1280 2583 terrorem.

219 2629 372 2700 turbidae
395 2629 649 2722 persecutionis
671 2630 861 2712 intentans,
878 2629 923 2700 cd
947 2628 1174 2700 debellandos
1198 2627 1267 2699 Dei

220 2766 360 2827 servos3
400 2745 578 2835 inquietus
608 2767 747 2838 semper
780 2754 818 2816 et
857 2769 996 2840 semper
1033 2746 1191 2828 infestus,
1230 2745 1268 2814 in

174 2881 307 2951 eopece
336 2859 515 2942 subdolus,
545 2861 582 2930 in
618 2863 863 2952 persecutione
896 2861 1082 2932 violentus.
1134 2861 1268 2944 Quam-

221 2974 353 3056 obrem,
371 2974 496 3044 frutres
517 2975 746 3059 dilectissimi,
763 2985 887 3049 contra
907 2999 1030 3046 omnes
1054 2975 1184 3047 diaboli
1209 2975 1265 3045 rel

221 3090 363 3162 folluces
387 3091 530 3162 iusidias
558 3090 616 3161 rel
645 3101 784 3184 opertus
813 3092 927 3162 minus
956 3099 1048 3160 stare
1077 3089 1185 3160 debet
1214 3090 1268 3160 in-

221 3215 376 3278 structus
398 3209 536 3278 unimus
559 3215 598 3277 et
617 3216 782 3290 crmctus,
800 3217 875 3278 tum
898 3213 1040 3298 perotus
1063 3227 1201 3298 semper
1221 3205 1266 3276 ud

222 3325 489 3417 repugnandum
523 3347 630 3417 quum
660 3331 715 3394 cst
744 3323 789 3394 ud
819 3320 1099 3416 impugnandum
1128 3344 1267 3414 semper

174 3463 209 3524 25
220 3449 362 3532 perotus
395 3443 568 3512 inimicus.
631 3439 679 3510 Et
713 3439 878 3531 quonium
912 3437 1150 3530 frequentiore
1184 3445 1268 3508 sunt

220 3555 294 3626 tels
318 3558 394 3649 ejus
418 3581 499 3650 quae
524 3556 677 3628 latenter
706 3555 891 3649 obrepunt,
916 3555 1098 3648 magisque
1127 3553 1268 3625 occulte

221 3680 259 3742 et
284 3672 502 3744 clandestine
520 3671 691 3765 jaculatio
716 3693 787 3763 quo
812 3672 929 3741 minus
953 3670 1171 3763 perspicitur,
1198 3668 1267 3741 hoc

221 3799 259 3860 ct
283 3792 424 3882 gravius
446 3799 484 3860 et
509 3789 665 3861 crebrius
690 3789 727 3859 in
753 3786 899 3857 vulnero
923 3794 1043 3857 nostro
1068 3794 1266 3880 grossetum

221 3904 267 3974 od
284 3904 358 3976 haeo
375 3927 515 3998 qnoque
538 3903 769 3998 intelligendo
785 3911 823 3973 et
845 3901 1054 3994 depellendo
1070 3899 1266 3995 vigilemus,

171 4043 269 4105 μοι
289 4021 416 4113 quibus
439 4028 493 4091 est
516 4020 583 4092 zeli
607 4027 645 4090 et
666 4019 785 4090 livoris
806 4017 953 4090 molum.
1005 4017 1111 4101 Quod
1135 4017 1164 4086 si
1189 4017 1268 4109 quis

221 4140 363 4232 penitus
398 4139 570 4232 inspiciet,
604 4137 762 4208 inveniet
800 4133 888 4204 nihil
922 4134 1035 4226 magis
1067 4133 1267 4204 Christiano

221 4255 429 4338 cavendum,
447 4253 535 4324 nihil
556 4254 693 4325 cautius
713 4250 979 4346 providendum,
996 4273 1103 4343 quom
1124 4273 1169 4320 ne
1189 4251 1267 4343 quis

221 4370 354 4442 invidio
378 4379 416 4442 ct
441 4369 551 4441 livore
577 4372 745 4462 capiatur,
771 4391 816 4438 ne
844 4369 923 4459 quis
952 4365 1107 4438 fallentis
1133 4367 1266 4438 inimici
