3316 5198
385 471 448 538 124
737 470 1075 536 TERTULLIANI

383 646 501 739 lapsus
526 669 548 716 a
573 644 696 738 regula
720 645 838 728 fuerit,
855 646 936 716 ideo
961 645 1113 718 haereses
1132 647 1318 716 veritatem
1337 646 1433 715 vide-

383 763 517 834 buntur
534 761 718 834 obtinere?
737 761 794 832 Ex
811 763 968 856 personis
985 762 1174 854 probamus
1191 761 1308 844 fidem,
1321 784 1368 832 sn
1384 785 1431 833 ex

383 879 453 950 lide
470 878 659 971 personas?
687 877 807 949 Nemo
833 879 971 972 sapiens
996 886 1060 980 est,
1077 879 1144 948 nisi
1165 876 1299 948 fidelis:
1325 901 1432 948 nemo

220 996 342 1113 {iffi-¹¹·
383 995 505 1088 major,
535 995 602 1065 nisi
629 991 876 1065 Christianus:
914 1018 1020 1065 nemo
1050 1001 1171 1064 autem
1201 991 1431 1077 Christianus,

384 1112 450 1182 nisi
485 1111 545 1202 qui
579 1110 625 1180 ad
659 1109 767 1181 finem
802 1133 913 1202 usque
946 1110 1232 1203 perseveraverit.
1290 1108 1355 1192 Tu,
1390 1118 1457 1185 urs

382 1225 501 1310 homo,
518 1227 738 1296 extrinsecus
755 1246 1044 1318 unumquemque
1066 1226 1181 1296 nosti:
1209 1233 1311 1317 putas
1337 1227 1432 1317 quod

221 1355 262 1405 Ιιι
262 1353 316 1404 tit
383 1341 507 1413 vides:
534 1342 632 1412 vides
666 1350 786 1413 autem
821 1365 1003 1434 quousque
1033 1341 1153 1414 oeulos
1187 1343 1307 1414 habes
1359 1341 1432 1413 Sed

315 1435 483 1542 llfoadi,
501 1459 627 1550 inquit,
643 1455 793 1528 Domini
810 1453 884 1528 alti.
935 1454 1085 1528 Homo
1070 1455 1260 1553 essuriem,
1277 1456 1408 1529 Deus
1393 1481 1432 1528 m

220 1420 346 1665 lg}
378 1572 579 1669 proemrdio
595 1570 852 1704 cpmtemplolm.
904 1572 953 1644 Et
969 1574 1049 1644 ideo
1072 1575 1241 1670 capnoscit
1256 1571 1432 1645 Dominus

383 1690 445 1785 pai
477 1698 557 1761 sumt
590 1689 690 1782 ejus.-
733 1699 781 1771 et,
810 1687 979 1820 plantem,
1019 1712 1120 1820 quam
1158 1713 1227 1762 mm
1259 1687 1481 1784 punissimo

220 1817 342 1866 msam
382 1803 501 1890 Pater,
529 1805 707 1878 eradicat:
735 1815 772 1876 et
800 1804 996 1899 deprimis
1025 1805 1227 1876 amissimus
1254 1807 1431 1878 ostendit:

220 1931 326 1983 ῑιιιιῑῑῐ·
382 1930 421 1992 et
437 1920 659 1994 ventilabrum
678 1922 717 1991 io
734 1944 839 1992 manu
858 1930 978 2016 portat
1003 1919 1051 1992 od
1068 1920 1289 2018 perpendam
1316 1945 1432 1993 aream

381 2060 490 2108 mmm.
542 2037 702 2108 Avolent
731 2045 904 2129 quantum
932 2038 1063 2121 volent,
1089 2038 1203 2132 paleae
1232 2037 1320 2108 levis
1349 2039 1432 2122 fidei

382 2175 607 2246 quocumque
641 2152 763 2223 affiatu
792 2155 1057 2238 tentationum3
1093 2178 1136 2224 eo
1166 2155 1286 2247 purior
1319 2175 1433 2224 massa

218 2283 336 2332 lanai·
383 2269 552 2340 frumenti
579 2269 617 2339 in
645 2268 771 2339 horrea
801 2268 946 2340 Domini
974 2278 1174 2363 reponetur.
1228 2270 1360 2341 Nonne
1385 2269 1455 2341 abr
1462 2293 1478 2354 5

383 2387 459 2478 ipso
478 2384 634 2455 Domino
657 2384 800 2476 quidam
824 2386 1036 2457 discentium
1062 2385 1287 2457 scandalizati
1311 2387 1433 2457 dever-

383 2500 532 2572 terunt?
560 2500 641 2572 Nee
658 2509 781 2571 tamen
805 2511 992 2595 propterea
1016 2504 1125 2573 ceteri
1156 2525 1296 2595 quoque
1321 2501 1433 2572 disee-

383 2618 539 2688 dendum
556 2641 578 2688 a
595 2617 751 2711 vestigiis
768 2618 844 2710 ejus
861 2626 1094 2710 putavenmt:
1120 2622 1181 2691 sed
1199 2621 1259 2712 qui
1277 2620 1433 2690 scierunt

383 2730 485 2802 illum
503 2732 587 2804 vitae
605 2755 681 2803 esse
700 2731 873 2816 Verbum,
891 2743 928 2804 et
942 2758 963 2805 a
977 2733 1056 2806 Deo
1070 2737 1216 2818 venisse,
1233 2755 1433 2828 persevera·

384 2854 512 2917 verunt
529 2847 566 2916 in
582 2848 755 2918 comitatu
772 2849 848 2940 ejus
866 2872 976 2942 usque
993 2852 1039 2921 ad
1056 2852 1184 2922 finem:
1206 2875 1288 2922 oum
1305 2849 1385 2934 illis,
1403 2850 1481 2920 si20

222 2974 338 3024 atial-
350 2975 375 3024 it
384 2961 519 3033 vellent
536 2971 574 3033 et
591 2963 656 3055 ipsi
682 2965 872 3048 discedere,
895 2965 1032 3059 plaoide
1058 2967 1255 3038 obtulisset.
1308 2965 1432 3037 Minus

384 3085 439 3150 est
466 3080 496 3150 si
524 3087 562 3149 et
588 3079 788 3172 apostolum
819 3082 895 3174 ejus
920 3082 1028 3174 aliqui
1056 3081 1260 3176 Phygellus,
1283 3091 1322 3153 et
1339 3081 1435 3152 Her·

383 3215 563 3288 mogenes,
596 3202 635 3265 et
666 3195 838 3280 Philetus,
872 3207 910 3268 et
938 3196 1159 3291 Hymenaeus
1193 3198 1432 3289 reliquerunt:

223 3320 297 3370 risu
310 3307 461 3401 msipse
478 3310 627 3380 traditor
644 3309 776 3384 Christi
799 3313 844 3385 de
870 3314 1038 3407 apostolis
1054 3314 1134 3384 fuit.
1187 3313 1364 3384 Miramur
1388 3314 1433 3384 de

386 3424 542 3496 eeclesiis
572 3426 658 3517 ejus,
689 3429 717 3498 si
747 3451 769 3498 a
798 3429 1008 3521 quibusdam
1038 3431 1257 3513 deseruntur,
1283 3452 1366 3501 eum
1391 3451 1481 3513 es25

385 3561 450 3610 nos
463 3540 653 3611 ostendant
666 3541 894 3629 Christianos,
905 3568 986 3637 quae
999 3545 1154 3638 patimur
1165 3545 1210 3616 ad
1228 3546 1434 3638 exemplum

226 3669 320 3720 nrm.
332 3670 358 3720 a.
385 3656 495 3748 ipsius
512 3655 669 3729 Christi?
693 3657 756 3730 Er
780 3659 886 3744 nobis,
903 3661 1029 3754 inquit,
1044 3659 1262 3754 prodierunt,
1279 3659 1341 3730 sed
1364 3684 1434 3732 nom

375 3769 529 3867 suerunt
545 3794 589 3842 m
606 3771 725 3853 nebim
750 3774 783 3845 si
796 3774 953 3870 fuissent
974 3799 1019 3848 er
1038 3776 1144 3859 nobo,
1164 3776 1436 3871 permansisses

387 3887 505 3982 otique
520 3886 704 3960 nobiseum.

233 4017 367 4068 canrv.
438 4004 534 4090 Quin
568 4006 686 4098 potius
719 4029 894 4084 memores
923 4009 1033 4078 simus
1061 4015 1137 4078 tam
1167 4006 1433 4079 Dominieamm
1444 4032 1483 4090 ³0

388 4122 740 4213 praenunoistionum,
774 4147 880 4216 quam
919 4125 1191 4218 apostolicarum
1224 4123 1434 4207 litteramm,

389 4257 469 4326 quae
503 4234 605 4308 nobis
638 4245 676 4309 et
709 4238 846 4312 futuras
879 4241 1031 4314 haereses
1066 4241 1363 4333 praenunoiarunt,
1397 4249 1436 4310 et

389 4349 573 4444 fugiendas
594 4353 856 4446 praefinierunt:
884 4365 922 4426 et
938 4358 1030 4428 sieut
1048 4381 1123 4429 esse
1144 4355 1223 4430 illas
1239 4381 1310 4428 non
1328 4379 1436 4451 expa-
