3294 5192
350 469 535 535 NICAENI
560 470 777 537 CONCILII
801 471 1133 538 UNIVERSALIS.
1199 473 1265 542 379

214 650 365 747 ταοχεΐν
391 643 627 748 εὐχαριστίας,
662 645 682 723 ὁ
709 645 907 728 ἐπίσκοπος
936 642 1027 744 μετὰ
1054 646 1264 744 δοκιμασίας

214 768 432 870 μεταδιδότω
449 775 514 869 τῆς
530 778 759 878 προσφορᾶς.

589 997 793 1072 ΚΑΝΩΝ
823 997 889 1072 la.

270 1159 362 1259 ssepi
378 1160 451 1233 τῶν
475 1153 746 1258 κατηχουμένων
768 1158 826 1232 καὶ
851 1151 1138 1257 παραπεσόντων
1162 1153 1263 1259 ἔδοξε

185 1288 258 1387 5τῇ
285 1283 372 1388 ἁγίᾳ
398 1283 456 1361 καὶ
483 1280 626 1386 μεγάλῃ
653 1279 806 1389 συνόδῳ,
826 1278 922 1360 ὥστε
948 1287 1057 1385 τριῶν
1084 1282 1173 1361 ἐτῶν
1200 1282 1262 1360 αὐ-

212 1408 294 1493 τοὺς
322 1409 565 1512 ἀκροωμένους
588 1407 709 1508 μόνον,
727 1406 820 1510 μετὰ
845 1417 959 1489 ταῦτα
977 1410 1146 1513 εὔχεσθαι
1172 1406 1263 1505 μετὰ

211 1543 284 1616 τῶν
302 1534 600 1641 κατηχονμένιυν.Ι

590 1761 792 1837 ΚΑΝΩΝ
822 1760 885 1836 ῙΕ.

268 1917 342 1999 Διὰ
359 1918 424 2000 τὸν
440 1918 559 2000 πολὺν
576 1917 735 2023 τάραχον
753 1919 811 1997 καὶ
833 1914 898 2000 τὰς
916 1914 1066 1998 στάσεις
1083 1913 1147 1998 τὰς
1165 1949 1262 2016 γινο-

166 2079 203 2120 10
211 2044 329 2145 με’νας,
348 2047 447 2154 ἔδοξε
465 2045 678 2128 παντάπασι
702 2047 964 2147 περιαιρεθῆναι
985 2039 1051 2142 τὴν
1069 2041 1261 2143 συνήθειαν

210 2172 277 2273 τὴν
303 2173 403 2278 παρὰ
429 2173 493 2255 τὸν
525 2173 657 2254 κανόνα
683 2175 887 2276 εὑρεθεῖσαν
915 2170 952 2250 ἐν
988 2205 1064 2250 τισι
1099 2171 1257 2274 με’ρεσιν·

210 2297 306 2381 ὥστε
338 2299 410 2382 ἀπὸ
446 2301 587 2384 πόλεως
614 2307 663 2382 είς
689 2295 799 2380 πόλιν
825 2297 876 2397 μὴ
907 2299 1143 2396 μεταβαίνειν,
1170 2296 1261 2397 μήτε

210 2430 417 2528 ἐπίσκοπον,
442 2429 531 2530 μήτε
558 2425 817 2531 πρεσβύτερον,
844 2422 933 2524 μήτε
960 2422 1132 2506 διάκονον.
1171 2431 1201 2505 εί
1223 2426 1266 2504 δέ

208 2588 263 2639 τις
289 2555 380 2654 μετὰ
406 2554 470 2636 τὸν
497 2560 561 2656 τῆς
589 2556 693 2658 ἁγίας
721 2556 780 2632 καὶ
802 2549 964 2654 μεγάλης
989 2548 1145 2632 συνόδου
1163 2550 1259 2657 ὅρον,

163 2719 175 2758 ι
181 2681 357 2790 5τοιοιίτιρ
384 2686 452 2763 τινὶ
479 2683 744 2789 ἐπιχειρήσειεν,
769 2677 793 2780 ἢ
820 2681 956 2779 ἐπιδοίη
983 2678 1108 2760 ἑαυτὸν
1134 2680 1255 2785 πράγ-

207 2843 292 2908 ματι
311 2809 470 2918 τοιούτῳ,
488 2809 758 2914 ἀκυρωθήσεται
779 2806 977 2913 ἐξάπαντος
995 2805 1038 2885 τὸ
1057 2808 1255 2888 κατασκεύ-

207 2969 320 3035 ασμα,
357 2940 416 3016 καὶ
452 2933 840 3034 ἀποκατασταθήσεται
871 2939 917 3035 τῇ
954 2933 1140 3040 ἐκκλησίᾳ,
1167 2933 1210 3034 ἧς
1238 2936 1258 3013 ὁ

208 3063 404 3146 ἐπίσκοπος
422 3061 445 3163 ἢ
464 3065 484 3142 ὁ
502 3062 747 3166 πρεσβύτερος
765 3057 1024 3165 ἐχειροτονήθη.

208 3300 286 3359 centi
300 3299 356 3358 sibi
367 3300 580 3360 communionis
590 3299 712 3379 gratiam
754 3293 848 3354 modia
875 3293 1030 3374 amputari,
1059 3313 1124 3370 que
1152 3305 1258 3374 praeter

208 3381 307 3448 tribui,
340 3382 495 3460 episcopua
515 3379 713 3462 ‘probabiliter
753 3375 883 3454 tegulam
894 3375 923 3433 in
938 3374 1111 3453 quibusdam
1127 3376 1258 3454 partibus

208 3479 245 3519 ex
259 3461 406 3520 oblatione
421 3461 489 3521 dare
503 3461 630 3522 debebit.
754 3455 871 3549 videtur
884 3454 1024 3550 adprime:
1047 3455 1098 3524 ita,
1114 3467 1148 3514 ut
1162 3454 1199 3549 de
1216 3456 1256 3514 ei·

332 3594 484 3654 cruor
505 3594 596 3654 xrv.
752 3535 896 3696 {tt‘ttt
906 3548 1258 3696 {iiiiiii‘iiiiiiss

249 3699 297 3758 De
321 3702 537 3760 catechumenis
559 3712 661 3760 saneto
681 3713 712 3761 et
753 3716 808 3756 nus
831 3697 1032 3756 transferatur.
1085 3695 1185 3774 Siquis
1206 3715 1257 3754 uu-

208 3800 314 3858 magno
328 3781 451 3840 concilio
472 3781 591 3860 placuit,
605 3793 639 3842 ut
658 3783 710 3840 tri·
752 3789 812 3836 tem
840 3789 906 3857 poet
934 3776 1134 3837 definitionem
1163 3777 1255 3835 saneti

207 3861 263 3918 bus
283 3861 367 3920 aunis
389 3862 448 3920 uint
465 3863 541 3920 inter
560 3863 711 3921 audientes
751 3869 782 3916 et
800 3859 897 3936 magui
919 3857 1034 3917 concilii
1055 3856 1114 3914 tale
1133 3856 1255 3934 quida.

208 3941 421 4006 tantummodo,
443 3955 510 4022 post
531 3944 591 4002 huc
612 3955 708 4002 autem
750 3959 819 4016 gere
833 3939 1000 4006 tentaverit,
1020 3947 1050 3997 et
1067 3959 1097 3995 se
1118 3937 1254 4014 hujusce-

207 4040 273 4079 cum
289 4023 503 4081 catechumenia
517 4032 611 4081 orent.
751 4017 829 4076 modi
850 4019 972 4096 negocio
988 4018 1176 4096 manciparit:
1199 4018 1254 4076 hoc

750 4099 861 4157 factum
881 4119 1000 4178 prorsus
1018 4099 1048 4156 in
1067 4098 1182 4155 irritum
1198 4097 1253 4155 du.

337 4153 489 4212 CANON
512 4153 582 4212 XV·
750 4189 842 4248 eatur,
870 4191 901 4237 et
926 4179 1098 4239 restituatur
1125 4177 1253 4237 ecclesie

248 4257 373 4338 Propter
393 4258 514 4318 multam
532 4259 708 4339 perturbati·
750 4259 798 4316 cui
813 4259 871 4318 fuit
886 4260 1050 4338 episeopus,
1064 4269 1115 4317 aut
1132 4258 1253 4337 presby·

205 4357 290 4397 onem
311 4349 341 4398 et
360 4339 527 4406 seditiones,
543 4360 608 4418 quae
623 4339 707 4407 fiunt,
749 4351 804 4408 ter,
819 4339 866 4398 val
880 4338 1021 4400 diaeonus
1034 4337 1194 4398 ordinatus.

205 4416 315 4497 placuit
346 4420 586 4479 cousuetudinem
614 4419 708 4478 omui-

754 4499 838 4562 302
