3310 5224
384 505 580 568 CONTRA
604 505 839 568 HAERESIM
866 506 1027 570 NOETI.
1189 509 1228 570 51

237 675 287 770 ιθ.
321 681 371 757 Οἱ
397 681 471 774 (cor.
499 677 563 779 Οἳ)
595 680 654 756 καὶ
683 678 796 785 δεῖξαι
824 677 1020 773 βούλονται
1046 677 1231 758 σύστασιν

181 807 233 908 τῷ
256 803 418 904 δόγματι,
441 805 620 906 λέγοντες·
655 801 767 884 Εἶπεν
789 804 954 912 ἐννόμῳ·
983 805 1083 906 Ἐγώ
1111 811 1180 904 εἶμι
1211 807 1230 884 ὁ

182 927 275 1014 Θεὸς
293 937 365 1010 τῶν
382 932 547 1036 πατέρων
566 933 676 1030 ὑμῶν·
703 935 767 1012 οὐκ
786 933 931 1012 ἔσονται
951 935 1031 1032 ὑμῖν
1050 937 1138 1012 Θεοὶ
1151 934 1227 1012 ἕτε-

180 1090 238 1159 ροι
260 1056 360 1158 πλὴν
384 1061 482 1158 ε’μοῦ.
513 1063 571 1138 καὶ
595 1057 708 1140 πάλιν
731 1063 768 1140 ε’ν
793 1059 912 1167 ἑτέρῳ·
953 1059 1067 1162 Ἐγὼ,
1097 1064 1228 1167 φησὶν,

154 1190 338 1292 5πρῶτος,
359 1189 417 1264 καὶ
439 1186 609 1291 ἔσχατος,
631 1189 690 1265 καὶ
714 1189 788 1286 μετ’
809 1185 870 1285 ἐμὲ
895 1189 959 1267 οὔκ
984 1190 1084 1266 ἐστιν
1103 1190 1227 1272 οὐδείς.

182 1313 274 1391 οὕτω
294 1310 503 1417 φάσκουσιν
527 1319 706 1420 σννιστᾷν
732 1315 794 1394 ἕνα
818 1311 925 1394 Θεόν.
957 1314 990 1394 οἲ
1011 1317 1081 1414 (for.
1101 1314 1135 1394 οἳ
1153 1320 1227 1422 καὶ)

181 1441 431 1543 ἀποκρίνονται
462 1440 641 1543 λε’γοντες·
690 1447 735 1521 Εἰ
769 1443 831 1521 οὖν
863 1439 1029 1544 Χριστὸν
1062 1443 1231 1543 ὁμολογῶ

182 1563 292 1663 Θεὸν,
320 1563 426 1650 αὐτὸς
447 1567 518 1670 ἄρα
540 1570 639 1646 ἐστὶν
663 1571 683 1647 ὁ
710 1566 849 1673 Πατήρ·
881 1575 912 1647 εἰ
937 1567 1009 1671 γάρ
1037 1575 1106 1665 (for.
1126 1567 1229 1670 εἴγε)

182 1694 327 1773 ἐστινὸ
354 1692 462 1791 Θεὸς,
491 1695 621 1774 ἔπαθεν
649 1694 687 1774 δὲ
714 1694 886 1799 Χριστὸς,
913 1695 1020 1780 αὐτὸς
1045 1692 1094 1775 ὧν
1119 1695 1228 1793 Θεὸς,

137 1820 252 1923 ιοᾶρα
269 1822 331 1900 οὖν
349 1822 480 1901 ἔπαθεν
501 1820 639 1926 Πατὴρ,
657 1823 785 1928 Πατὴρ
803 1823 875 1927 γὰρ
892 1820 998 1906 αὐτὸς
1016 1821 1072 1922 ἦν.
1121 1825 1229 1903 Ἀλλ’

181 1949 248 2053 οὐχ
266 1949 378 2034 οὕτως
396 1949 477 2053 ἔχει,
496 1948 666 2054 οὐδὲγὰρ
685 1953 796 2034 οὕτως
809 1957 845 2030 αἱ
863 1953 1002 2056 γραφαὶ
1015 1954 1229 2051 διηγοῦνται.

181 2083 337 2179 χρῶνται
367 2076 405 2155 δὲ
428 2080 486 2155 καὶ
513 2076 647 2181 ἑτέραις
670 2079 894 2180 μοριτνρίαις,
924 2077 1106 2180 λε’γοντες,
1137 2079 1230 2156 οὕτω

180 2201 393 2306 γε’γρατιται·
434 2204 556 2288 Οὗτος
584 2207 604 2284 ὁ
632 2205 726 2290 Θεὸς
752 2207 868 2304 ἡμῶν,
900 2207 942 2284 οὐ
966 2202 1230 2306 λογισθήσεται

181 2331 298 2435 ἕτερος
321 2328 413 2435 πρὸς
437 2330 556 2412 αὐτόν·
585 2332 731 2439 ἐξηῦρεν
756 2339 882 2414 πᾶσαν
907 2330 991 2412 ὁδὸν
1009 2330 1226 2432 ἐπιστήμης,

135 2461 239 2552 ι5καὶ
264 2458 392 2538 ἔδωκεν
417 2457 527 2559 αὐτὴν
551 2459 685 2554 Ἰακὼβ
707 2465 760 2566 τῷ
784 2463 885 2539 παιδὶ
910 2461 1032 2557 αὐτοῦ,
1059 2461 1118 2538 καὶ
1148 2461 1225 2539 Ἰσ-

179 2581 276 2686 ραὴλ
300 2591 351 2692 τῷ
372 2586 591 2693 ἠγαπημένῳ
616 2588 673 2666 ὑπ’
693 2588 814 2665 αὐτοῦ·
844 2584 935 2684 μετὰ
953 2593 1066 2664 ταῦτα
1085 2587 1143 2666 ἐπὶ
1161 2591 1229 2688 γῆς

180 2707 298 2818 ὤφθη,
330 2715 389 2790 καὶ
420 2718 494 2796 τοῖς
525 2713 725 2816 ἀνθρώποις
761 2711 1055 2820 σονανεστράφη.
1114 2715 1230 2820 Ὁρᾷς

181 2839 254 2936 οὖν,
274 2842 405 2945 φησὶν,
426 2838 481 2918 ὅτι
504 2836 606 2925 οὗτός
623 2844 723 2921 ἐστιν
747 2843 766 2920 ὁ
789 2840 896 2938 Θεὸς,
918 2844 938 2920 ὁ
957 2838 1066 2940 μόνος
1083 2838 1148 2938 ὧν,
1170 2845 1228 2921 καὶ

181 2967 333 3068 ὕστερον
351 2968 498 3071 ὠφθεὶς,
518 2970 577 3046 καὶ
594 2975 669 3053 τοῖς
686 2968 888 3071 ἀνθρώποις
900 2970 1226 3074 σνναναστραφείς.

222 3199 265 3257 11.
281 3198 396 3258 Volunt
407 3208 504 3257 autem
516 3199 620 3277 dogma
633 3221 682 3259 su·
723 3210 785 3260 erat
799 3200 870 3279 ipse.
892 3199 935 3257 At
945 3219 1003 3257 non
1014 3200 1055 3258 sic
1066 3210 1118 3257 est.
1155 3201 1187 3256 N
1189 3219 1227 3258 on

181 3301 231 3339 um
251 3281 429 3338 constituere
451 3290 481 3338 et
503 3281 681 3349 confirmare,
723 3281 801 3340 enim
822 3281 863 3340 sie
882 3279 1041 3359 Scriptura}
1065 3289 1226 3357 exponunt.

182 3361 251 3438 quia
273 3370 318 3419 est
342 3361 371 3417 in
396 3360 478 3436 lege:
511 3362 598 3438 ⁸Ego
621 3383 682 3419 sum
726 3361 860 3419 Utuntur
871 3372 1010 3438 praeterea
1020 3359 1085 3417 aliis
1095 3360 1226 3418 testimo·

182 3441 509 3519 Deuspatrumtuomm.
529 3440 594 3500 Non
601 3451 682 3500 erunt
724 3441 788 3500 niis.
828 3440 878 3498 Sic
891 3441 969 3498 enim
984 3439 1067 3497 aiunt
1085 3438 1225 3517 seriptum

182 3520 260 3578 vobis
280 3521 333 3578 alii
354 3521 409 3578 Dii
429 3529 533 3598 praeter
553 3543 604 3580 me.
641 3522 683 3579 Et
723 3542 797 3581 esse:
809 3519 889 3578 οΗὶσ
900 3521 980 3578 Deus
989 3527 1083 3578 noster
1090 3541 1104 3584 ;
1117 3539 1171 3577 non
1180 3541 1226 3578 re-

182 3620 283 3658 rursus
300 3601 331 3657 in
349 3600 407 3659 alio
424 3598 604 3682 10e0,bEg0
622 3623 683 3660 sum
721 3602 873 3681 putabitur
882 3601 959 3660 alius
968 3600 1008 3659 αθ
1016 3620 1093 3658 eum:
1110 3599 1226 3659 adinve-

180 3679 302 3758 ρτίταιιτ,
322 3689 349 3739 et
372 3703 423 3760 ego
443 3681 612 3741 novissimus
620 3706 634 3750 ,·
657 3692 683 3741 el
724 3683 766 3740 m't
774 3703 879 3740 omnem
891 3682 965 3739 viam
976 3679 1108 3747 scientie.
1117 3681 1227 3739 etdedit

179 3769 243 3838 post
255 3782 298 3819 me
308 3783 361 3820 mm
373 3771 414 3820 est
425 3763 510 3821 alius.
540 3765 590 3821 Sic
600 3764 683 3822 aiunt
724 3784 785 3822 eam
800 3763 892 3823 Jacob
906 3781 996 3840 puero
1009 3781 1070 3826 suo,
1085 3769 1111 3818 et
1130 3761 1229 3820 Israel

182 3860 213 3898 se
232 3841 353 3919 probare
374 3862 464 3900 unum
488 3863 551 3902 esse
574 3843 680 3902 Deum.
723 3844 892 3912 dilectam,
901 3850 967 3920 post
981 3840 1226 3899 hoecinlerrievi.

182 3920 225 3978 Et
251 3922 444 3998 respondent:
479 3923 503 3980 si
532 3924 681 3982 Christum
722 3945 773 3982 sus
781 3932 831 3990 est,
844 3932 870 3982 et
881 3921 1227 3982 cumhominibuscouver-

181 4001 354 4059 confitemur
379 4003 487 4070 Deum,
508 4004 598 4081 igitur
621 4004 682 4081 ipse
722 4012 866 4063 ςαιιιςαςι.
904 4002 997 4061 Vides
1007 4001 1107 4079 igitur.
1120 4000 1226 4077 inquit,

181 4091 226 4138 est
241 4080 339 4146 Pater.
354 4083 377 4139 si
396 4091 441 4140 est
459 4081 559 4141 Deus:
582 4103 682 4162 passus
722 4083 801 4162 quod
821 4084 869 4143 hic
889 4093 934 4142 est
959 4083 1051 4150 Dous,
1072 4081 1124 4158 qui
1148 4080 1228 4140 solus

181 4179 251 4218 vero
264 4171 309 4219 est
324 4162 459 4220 Christus
475 4161 567 4230 Deus,
582 4183 682 4241 passus
723 4174 777 4229 est,
800 4175 830 4223 et
854 4175 955 4242 postea
976 4163 1007 4220 in
1028 4162 1115 4221 terris
1138 4161 1227 4232 visus,

180 4239 336 4319 igiturest
358 4241 465 4314 Ροιετς
495 4242 584 4301 Pater
605 4243 681 4301 enim
723 4255 753 4304 et
764 4264 830 4303 cum
844 4243 1010 4304 hominibus
1018 4245 1225 4302 conversatus?

213 4411 318 4461 ¹Exod.
330 4411 399 4463 iii-6.
414 4429 456 4463 xx.
469 4427 492 4474 3.
588 4411 680 4462 bsai.
692 4412 750 4460 xliv.
763 4411 786 4461 6.
799 4412 848 4462 xlv.
861 4425 884 4474 5.
970 4410 1094 4460 cnamoh
1105 4411 1140 4459 iii.
1154 4410 1192 4474 36.

671 4511 728 4558 Η
