3310 5224
393 485 414 547 4
622 484 860 549 VETERUM
884 479 1192 551 TESTIMONIA

606 655 750 716 Eusebius
765 656 846 715 Hirr.
862 656 942 716 Eccl.
957 655 1009 718 lib.
1025 657 1085 716 111.
1101 678 1163 737 cap.
1179 658 1228 734 36.

438 751 497 815 Kal
518 752 535 814 ά
558 753 758 834 Πολύκαρπος
780 755 813 816 δὲ
834 753 947 818 τούτων
966 753 1062 816 αὐτῶν
1085 754 1301 835 (Epistularum
1316 756 1438 834 ignatii)

392 852 537 934 μέμνηται
557 853 641 940 ἔνι-ᾔ
662 853 925 936 φερομένηαῦτοῦ
946 854 1020 936 πρὸς
1041 853 1262 932 Φιλιππησίους
1284 853 1440 940 ἐπιστολῇ·

394 954 521 1038 φάσκων
532 956 631 1024 αὐτοῖς
643 956 765 1039 ῥήμασι,
777 959 949 1038 Παρακαλῶ
964 956 1017 1020 οὖν
1028 955 1142 1022 πάντας
1155 955 1230 1034 ὑμᾶς
1242 957 1294 1015 &o
1311 959 1386 1037 (esp.
1396 959 1441 1035 9.)

657 1107 776 1168 Eusebii
790 1117 869 1167 υοιυς
883 1106 904 1164 I
904 1115 1034 1186 nterpres
1050 1108 1185 1184 Rufinus.
1452 1118 1468 1179 5

436 1204 496 1264 sed
522 1215 553 1264 et
567 1203 760 1299 Polyourpus
793 1205 897 1264 horum
938 1225 991 1284 per
1029 1204 1099 1273 huc,
1134 1204 1294 1283 Deprecor,
1334 1204 1441 1283 inquit,

395 1285 562 1344 memorium
593 1285 703 1344 isoit'
694 1304 726 1342 ιιι
753 1284 898 1365 Epistola,
939 1305 1039 1352 omnes
1053 1305 1105 1343 vos
1119 1285 1173 1343 &e

395 1386 482 1444 quam
506 1365 543 1424 sd
563 1365 765 1445 Philippenses
788 1366 898 1434 scribit,

546 1504 577 1563 S.
593 1504 801 1584 Hieronymus,
817 1504 866 1563 De
884 1504 962 1564 Varis
975 1502 1154 1570 Illustribur,
1170 1521 1232 1581 esp.
1251 1519 1296 1579 17.

438 1601 617 1682 Polymrpus
644 1601 768 1660 Josnuis
790 1601 914 1682 apostoli
938 1599 1109 1680 discipulus,
1131 1607 1162 1658 et
1186 1599 1223 1657 ab
1249 1619 1285 1658 eo
1312 1602 1444 1682 Smyruoe
1457 1611 1493 1651 10

396 1698 549 1778 episeopus
569 1697 729 1768 ordinatus,
744 1698 836 1757 totius
854 1696 935 1756 Asin
956 1697 1090 1777 princeps
1110 1695 1387 1778 fuit.-—Seripsit
1408 1697 1446 1756 nd

397 1793 601 1873 Philippenses
614 1793 699 1854 valde
720 1793 824 1854 utilem
838 1793 1013 1874 Epistolsm,
1028 1813 1093 1871 quoe
1107 1812 1200 1871 usque
1219 1793 1306 1854 hodie
1320 1795 1351 1853 iu
1365 1793 1445 1853 Asine

396 1900 543 1950 eonventu
556 1890 673 1970 legitur.

508 2034 591 2095 Idem
607 2035 815 2117 Hieronymus,
832 2037 927 2116 Epist.
942 2035 1099 2095 XXVIII.
1113 2035 1150 2094 nd
1164 2035 1333 2095 Lucinium.

439 2133 531 2193 Porro
545 2132 668 2212 Josephi
687 2131 786 2204 libros,
801 2144 831 2192 et
850 2143 1014 2192 sauctorum
1030 2133 1129 2214 Pnpiae
1148 2144 1179 2193 et
1194 2131 1347 2214 Polyeerpi
1363 2133 1493 2208 volu-15

396 2229 484 2300 mina,
499 2229 590 2288 fulsus
602 2229 639 2288 od
653 2239 684 2288 te
697 2249 797 2288 rumor
809 2229 940 2309 pertulit,
955 2251 973 2289 s
985 2250 1033 2289 me
1046 2249 1109 2289 esse
1126 2230 1282 2290 translata:
1305 2230 1374 2308 quia
1392 2249 1447 2290 neo
1530 2271 1532 2277 -
1653 2239 1654 2284 ι

397 2326 451 2385 otii
469 2326 536 2394 mei,
552 2345 605 2384 nee
619 2324 725 2385 virium
744 2336 798 2393 est,
819 2335 914 2385 tantas
934 2346 982 2386 res
1002 2327 1102 2387 eudem
1124 2328 1154 2386 iu
1176 2328 1296 2388 alterum
1317 2328 1447 2408 linguam

398 2423 561 2502 exprimere
575 2442 640 2481 cum
655 2433 817 2482 venustate.

520 2551 603 2611 Idem
618 2551 827 2632 Hieronymus,
843 2553 935 2614 Libro
947 2554 1012 2613 αάυ.
1030 2554 1208 2626 Helvidium,
1223 2576 1285 2635 esp.
1297 2575 1326 2633 9.

438 2647 593 2726 Numquid
608 2668 666 2707 uon
680 2669 797 2728 possum
817 2650 871 2709 tibi
888 2660 982 2709 totum
997 2662 1128 2711 veterum
1148 2653 1322 2732 scriptorum
1343 2652 1446 2712 seriem
1459 2668 1496 2706 ιο

398 2764 588 2812 eommovere,
604 2745 761 2824 Iguuium,
776 2746 1007 2817 Ροαιοκανιιιι,
1022 2748 1176 2818 Irenaeum,
1191 2748 1343 2808 Justinum
1365 2747 1446 2806 Mar-

398 2855 502 2924 tyrem,
517 2841 683 2920 multosque
703 2841 775 2901 elios
796 2844 979 2922 apostolicos,
994 2855 1025 2903 et
1039 2843 1209 2921 eloquentes
1224 2846 1310 2916 viros,
1325 2845 1376 2923 qui
1396 2844 1447 2903 ed-

398 2959 498 2999 versus
512 2938 667 3006 Ebiouem,
683 2950 713 2998 et
728 2938 913 2998 Theodotum
929 2941 1117 3019 Byzantium,
1128 2952 1160 3000 et
1173 2942 1373 3011 Valentinum,
1386 2942 1447 3000 hmo

398 3036 499 3097 endem
513 3036 682 3104 sentientes,
696 3035 783 3116 plena
796 3036 945 3114 sapientise
959 3036 1108 3095 volumina
1121 3039 1376 3117 oonscripserunt?

398 3167 560 3232 Maximus,
579 3165 609 3224 ιἰι
630 3163 754 3223 Scholiis
767 3164 808 3222 σά
822 3163 981 3243 Ερίςίοὶαυι
997 3165 1072 3224 v11.
1088 3166 1367 3246 Pseudo-Dionysii,
1385 3187 1448 3246 quoe
1459 3186 1474 3225 2
1479 3183 1496 3244 5

764 3269 805 3319 erl
822 3261 863 3319 ad
878 3262 1080 3341 Polycarpum.

440 3355 480 3422 ‘0
502 3357 586 3439 άγιος
607 3356 692 3422 αἶπος
713 3358 922 3439 Πολύκαρπος,
939 3358 1073 3438 Σμύρνης
1094 3361 1144 3437 τῆς
1164 3360 1199 3422 ἐν
1212 3356 1303 3442 Ἀσίᾳ
1322 3357 1450 3441 γέγονεν

399 3461 570 3532 ἐπίσκοπος,
587 3457 731 3538 άκροοτὴς
750 3461 911 3540 γενόμενος
931 3465 984 3524 τοῦ
1002 3461 1089 3542 άγίου
1103 3458 1243 3524 Ἰωάννου
1257 3464 1309 3524 τοῦ
1324 3460 1447 3542 εὐαγγε·

398 3565 514 3634 λιστον,
531 3560 570 3626 ὥς
585 3567 680 3641 φησιν
695 3561 854 3641 Εἰρηναῖος
876 3563 969 3624 ἐν
930 3587 970 3647 τιρ
992 3565 1079 3648 τρίτῳ
1100 3564 1214 3647 βιβλίῳ
1236 3567 1295 3626 τῶν
1310 3565 1432 3626 κατὰ
1398 3587 1450 3641 της

398 3663 594 3743 ψευδωνύμου
615 3662 765 3743 γνωσεως·
790 3663 838 3726 καὶ
859 3666 1006 3750 μαρτυρίιρ
1028 3667 1061 3729 δὲ
1089 3666 1248 3742 ἐτελειώθη
1275 3667 1323 3728 uu
1348 3665 1448 3746 πυρός.
1459 3685 1498 3742 30

395 3761 485 3848 Εχει
506 3765 540 3827 δὲ
563 3765 611 3828 καὶ
631 3765 792 3831 ἐπιοτολᾶς
806 3766 823 3828 ὁ
838 3763 924 3833 αὐτὸς
938 3771 1018 3835 θεῖος
1033 3769 1231 3850 Πολυκιιρπος
1250 3768 1323 3849 πρὸς
1338 3773 1447 3831 Φιλιπ-

398 3868 532 3946 πησίους.
578 3867 636 3947 Op.
651 3867 776 3926 Maximi
791 3879 863 3928 tom.
879 3869 904 3927 1.
919 3891 949 3950 p.
961 3891 1010 3949 93.
1026 3872 1072 3931 ed
1087 3870 1228 3930 Corderii.

430 3985 904 4080 SanctushicPolyesrpusSmyr-
944 3986 1032 4045 minis
1050 3985 1219 4058 scientiam
1241 3998 1271 4047 et
1286 4006 1355 4046 vero
1374 4007 1450 4045 mar-

399 4086 444 4124 πιιι
466 4065 497 4124 iu
516 4066 589 4126 Asis
610 4067 668 4124 fuit
688 4066 852 4161 episeopus,
874 4077 904 4126 et
944 4067 1022 4146 tyrio
1042 4067 1210 4146 perignem
1233 4077 1450 4126 consummatus

399 4145 516 4206 auditor
530 4144 645 4206 exstitit
658 4146 750 4206 saneti
761 4145 905 4206 Johannis
945 4157 999 4206 est.
1040 4147 1140 4206 Habet
1154 4167 1269 4225 quoque
1283 4146 1361 4206 idem
1375 4147 1449 4205 divi·
1459 4155 1497 4216 35

399 4225 595 4304 evangelistes,
611 4235 645 4283 ut
664 4225 705 4284 ait
723 4225 881 4286 Irenaens
872 4247 904 4286 m
945 4247 1000 4288 nus
1012 4227 1191 4308 Polycarpus
1205 4227 1318 4288 litteras
1331 4227 1368 4286 sd
1379 4227 1449 4286 Phi·

399 4306 489 4366 tertio
508 4305 584 4366 libro
604 4305 742 4366 adversus
762 4305 827 4366 fulsi
852 4327 903 4367 no·
945 4307 1099 4388 lippeuses.
