3294 5192
920 1019 968 1080 IN

714 1227 762 1326 S.
804 1222 1158 1326 CYPRIANI

878 1479 1004 1524 LIBRUM

636 1666 706 1736 DE
737 1665 882 1736 ZELO
916 1665 982 1736 ΕΤ
1013 1665 1240 1739 LIVORE.

700 1857 1174 1975 Aunornrrones

830 2106 1051 2140 ...μή-*-

461 2248 498 2312 Ρ.
515 2251 589 2334 316.
605 2248 624 2312 l.
644 2267 671 2312 2.
690 2247 790 2310 Lunna
812 2269 854 2314 nn
875 2251 959 2312 Zsao
979 2271 1016 2311 nr
1032 2245 1169 2332 Livonr]
1186 2246 1283 2310 Liber
1296 2246 1367 2319 iate,
1383 2247 1464 2330 ejus

416 2333 488 2396 dem
503 2335 569 2397 lere
583 2334 762 2419 argumenti
777 2357 848 2399 eum
865 2335 919 2399 lib.
935 2335 975 2398 de
991 2332 1163 2410 Patientia,
1178 2353 1219 2394 ex
1240 2332 1352 2397 eadem
1374 2354 1464 2396 oooa-

415 2419 503 2483 sione
531 2419 629 2483 etiam
658 2419 795 2503 scriptus
817 2421 952 2484 videtur.
1002 2419 1065 2482 Sed
1094 2440 1166 2482 eum
1195 2417 1228 2481 in
1257 2417 1392 2502 epistola
1420 2416 1463 2483 ad

414 2503 611 2568 Jubaianum
636 2511 796 2568 tractatus
822 2506 862 2570 de
888 2504 1060 2582 Patientia,
1085 2525 1150 2568 non
1172 2510 1281 2567 autem
1303 2502 1397 2588 hujus
1422 2504 1464 2567 de

415 2589 492 2652 Zelo
520 2595 554 2652 et
581 2588 704 2667 livore,
731 2590 910 2655 meminerit
934 2591 979 2675 Oy
1002 2591 1129 2663 rianus3
1161 2609 1221 2673 par
1248 2595 1298 2653 est
1323 2589 1461 2667 eredere,

414 2684 557 2759 tempore
572 2673 753 2758 scriptionis
767 2675 859 2740 istius
874 2676 977 2760 episto
1018 2725 1026 2752 ‚
1042 2675 1178 2740 alterum
1193 2674 1329 2737 duorum
1342 2681 1464 2738 traete-

413 2769 506 2825 tuum
528 2759 725 2824 solummodo
746 2761 841 2825 luisse
865 2761 1093 2825 eluoubratum.
1139 2759 1278 2824 Proinde
1299 2765 1463 2824 auctorem

413 2853 557 2910 nostrum
572 2846 656 2909 hune
666 2867 730 2910 non
740 2854 817 2911 ante
828 2868 945 2910 armum
957 2846 1100 2931 proxime
1111 2851 1306 2928 sequentem,
1314 2845 1463 2908 nimirum

416 2952 432 2993 a
435 2937 488 3018 56.
504 2931 649 2996 edidisse.
695 2931 839 2996 Ulterius
853 2941 962 2996 autem
983 2932 1059 2995 illud
1079 2952 1160 3015 opus
1174 2931 1302 2994 minime
1316 2930 1461 3008 dilatum,

413 3019 526 3082 exinde
552 3019 726 3098 suadetur;
751 3018 836 3102 quod
859 3017 970 3081 statim
995 3016 1173 3101 perseeutio
1198 3016 1369 3101 ingrueret,
1391 3037 1462 3115 quae

413 3103 539 3189 publiea
568 3104 657 3167 clade
685 3104 826 3188 privatas
854 3102 1041 3179 simultates,
1067 3101 1332 3186 quemadmodum
1361 3123 1462 3165 rumae

413 3190 516 3253 solent
544 3189 699 3267 incendia,
729 3189 951 3274 extingueret:
983 3209 1116 3272 quaeque
1146 3187 1244 3251 etiam
1267 3186 1462 3272 Cypriorum

412 3274 515 3359 ipsum
542 3273 687 3358 perculit,
715 3281 749 3338 et
775 3273 919 3338 Ourubas
948 3273 1142 3337 amandavit.
1193 3271 1348 3336 Libellum
1378 3272 1462 3336 huno

413 3360 549 3424 Pontius
571 3359 734 3423 evidenter
758 3358 916 3444 designat,
940 3359 1068 3443 quando
1093 3358 1158 3422 ait:
1185 3359 1260 3436 Quis
1281 3358 1405 3422 livorem
1424 3358 1463 3422 de

412 3455 556 3508 venenata
586 3445 714 3508 iaoidiae
738 3444 928 3528 mobiyaitate
955 3445 1126 3521 venenum,
1155 3443 1313 3507 beloedim
1338 3443 1464 3508 medii

410 3531 557 3594 solutoris
571 3529 741 3593 inhiberet?
758 3529 911 3614 Ejusdem
925 3529 1069 3593 meminit
1084 3528 1218 3593 Hieron.
1234 3529 1267 3592 in
1282 3529 1461 3594 Oomment.

411 3616 444 3678 in
460 3616 563 3700 Epist.
578 3616 621 3678 ad
636 3615 742 3679 Galat.
758 3638 784 3679 e.
802 3634 834 3699 5.
850 3616 903 3678 ubi
918 3615 1059 3700 appellat
1080 3613 1193 3679 tttmm
1214 3614 1252 3678 de
1273 3615 1347 3679 Zeto
1361 3623 1389 3678 et
1403 3616 1462 3680 Lb-

410 3723 478 3764 vore
492 3701 580 3765 valde
594 3702 748 3785 optimate,
763 3700 838 3785 (hoe
851 3701 964 3765 addito
979 3699 1094 3786 elogio)
1105 3722 1197 3784 quom
1211 3700 1265 3784 qai
1279 3699 1389 3785 deperit,
1401 3721 1462 3764 aon

411 3785 560 3850 dubitabit
588 3807 790 3850 enumerare
818 3786 955 3870 operibus
979 3787 1082 3849 cornu
1109 3785 1272 3849 iuvidiam.
1332 3785 1460 3850 Pariter

410 3871 521 3937 laudat
547 3872 718 3958 Angustia.
741 3871 794 3934 lib.
820 3871 882 3934 IV.
910 3894 937 3935 o.
962 3873 990 3934 8.
1015 3891 1113 3954 9.11.
1137 3870 1177 3934 de
1198 3869 1354 3954 Baptism.
1371 3878 1457 3936 oont.

411 3958 609 4030 Donatistae,
640 3964 674 4020 et
699 3957 796 4021 etiarn
825 3955 879 4021 lib.
906 3957 947 4021 V.
977 3979 1003 4020 e.
1030 3977 1079 4034 14.
1132 3956 1220 4021 Oitat
1249 3955 1347 4020 etiam
1371 3955 1461 4020 Beda

410 4051 537 4108 nostras
551 4043 584 4106 in
603 4064 616 4106 1
636 4043 740 4127 Epist.
757 4043 798 4106 D.
816 4042 906 4106 Petri
922 4064 950 4106 o.
966 4042 1025 4106 ult.
1049 4041 1179 4105 Faunos.
1226 4040 1305 4105 (lum
1321 4041 1460 4106 Sanetus

410 4130 463 4192 Au
508 4129 610 4193 atinus
618 4128 744 4192 initium
754 4134 788 4191 et
818 4128 943 4191 uaedam
953 4127 1017 4192 alia
1027 4127 1121 4211 hujus
1132 4126 1204 4190 libri
1218 4126 1288 4190 looa
1297 4126 1459 4192 retulisset

409 4214 442 4276 in
464 4151 549 4277 blare
579 4221 694 4298 quarto
723 4214 762 4276 de
788 4150 954 4298 Iiaptismo
979 4220 1092 4277 eontra
1117 4211 1307 4277 Donatistae
1334 4234 1404 4297 eap.
1427 4213 1457 4275 8.

408 4306 521 4383 postea
531 4299 595 4362 ait:
612 4299 690 4362 Hoeo
704 4296 792 4362 verba
806 4299 958 4383 Opprimat?
969 4300 1002 4362 ia
1012 4297 1136 4383 patebo
1143 4297 1268 4383 populis
1281 4307 1353 4362 aeta
1365 4319 1459 4383 ptam

406 4405 478 4448 vem
492 4405 584 4469 quom
589 4384 693 4465 sortia
706 4385 768 4448 siat
782 4384 1021 4468 reoopmaoimue.
1059 4383 1134 4448 Vere
1148 4383 1249 4447 deruit
1264 4384 1459 4468 ceptionem
