3310 5224
399 502 595 567 CONTRA
620 505 855 570 HAERESIM
882 504 1043 567 NOETI.
1211 503 1255 568 67

201 673 328 780 τρέχει,
351 678 410 754 καὶ
435 674 527 755 κατὰ
557 676 800 757 Ούσλεντΐνον
829 679 888 757 καὶ
917 675 1009 756 κατὰ
1039 677 1250 779 Μαρκίωνα,

202 801 422 906 Κηρινθόντε
454 806 513 882 καὶ
543 810 669 884 πᾶσαν
697 803 766 904 τὴν
796 805 937 884 ἐκείνων
969 805 1163 910 φλυαρίαν,
1193 807 1251 883 καὶ

200 928 345 1014 ἄκοντες
363 935 411 1014 εἱς
436 939 542 1011 τοῦτο
563 930 789 1035 περιέπεσον,
808 933 866 1012 ἵνα
891 928 955 1010 τὸν
980 931 1042 1010 ἕνα
1065 927 1249 1032 ὁμολογή-

200 1091 321 1137 σωσιν
344 1057 458 1138 αἴτιον
483 1065 556 1139 τῶν
580 1057 737 1139 πάντων·
766 1060 879 1142 οὕτως
904 1059 967 1138 οὖν
991 1059 1252 1163 συντρέχουσιν

174 1187 259 1274 strui
283 1186 384 1265 αύτοὶ
408 1182 458 1285 μὴ
484 1185 650 1270 θέλοντες
673 1190 718 1289 τῇ
744 1184 904 1292 ἀληθείᾳ,
924 1185 986 1264 ἕνα
1011 1182 1107 1264 Θεὸν
1132 1182 1251 1285 λέγειν

203 1312 255 1410 (m
269 1311 473 1416 bc'yovreci)
486 1312 690 1413 ποιήσαντα
704 1318 752 1397 ὡς
761 1313 951 1412 ἠθέλησεν.
986 1312 1106 1394 Οὗτος
1117 1309 1156 1390 δὲ
1166 1310 1251 1390 ἔδω

200 1473 261 1518 κεν
275 1436 384 1536 νόμον
396 1441 455 1519 καὶ
467 1439 669 1548 προφήτας·
691 1443 750 1520 καὶ
768 1436 850 1524 δούς
863 1438 923 1520 διὰ
935 1437 1134 1538 πνεύματος
1149 1440 1252 1539 ἁγίου

201 1564 407 1667 ἠνάγκασεν
430 1567 576 1652 τούτους
601 1567 844 1673 φθέγξασθαι,
868 1566 966 1650 ὅπως
993 1570 1057 1665 τῆς
1081 1565 1251 1673 πατρῴας

201 1695 382 1795 δυνάμεως
400 1695 466 1795 τὴν
484 1697 684 1776 ἀποπνοίαν
703 1691 879 1790 λαβόντες
896 1689 962 1793 τὴν
979 1692 1119 1792 βουλὴν
1133 1697 1192 1772 καὶ
1211 1694 1253 1775 τὸ

158 1819 343 1922 ιοθέλημα
360 1830 425 1902 τοῦ
444 1819 588 1927 Πατρός
608 1821 914 1924 καταγγείλωσιν.

258 1946 321 2046 ιβ.
360 1949 426 2028 Ἐν
457 1947 595 2033 τούτοις
626 1950 745 2030 τοίνυν
775 1945 1048 2047 πολιτεύομενος
1079 1949 1100 2027 ὁ
1134 1947 1254 2051 Λόγος

201 2073 399 2181 ἐφθέγγετο
419 2077 501 2177 περὶ
524 2075 660 2171 ἑαυτοῦ,
680 2073 749 2174 ἤδη
776 2071 848 2176 γὰρ
870 2071 976 2158 αὐτὸς
994 2079 1120 2155 ἑαυτοῦ
1139 2075 1256 2180 κῆρυξ

202 2199 351 2302 ἐγένετο,
370 2198 537 2280 δεικνύων
560 2200 745 2300 μέλλοντα
770 2199 893 2296 Λόγον
917 2203 1112 2308 φαίνεσθαι
1137 2205 1254 2282 ἐνόν-

203 2325 370 2429 θρώποις,
390 2328 433 2407 δι’
453 2325 498 2428 ἣν
511 2328 627 2407 αἰτίαν
640 2332 752 2413 οὕτως
765 2324 865 2425 ἐβόα,
879 2327 1069 2436 Ἐρφιινὴς
1083 2328 1256 2431 ἐγενόμην

157 2495 168 2534 ι
176 2461 278 2552 5τοῑς
294 2453 355 2555 ἐμὲ
379 2452 430 2555 μὴ
456 2452 633 2556 ζητοῦσιν,
652 2453 797 2557 εύρέθην
821 2463 896 2539 τοῖς
913 2455 973 2555 ἐμὲ
996 2455 1047 2557 μὴ
1066 2458 1253 2560 ἐπερωτῶ-

204 2614 279 2659 σιν.
316 2581 382 2664 Τίς
396 2580 440 2661 δέ
448 2582 551 2660 ἐστιν
569 2583 589 2660 ὁ
607 2579 767 2687 ἐμφανὴς
784 2580 973 2682 γενόμενος
995 2584 1081 2662 ἀλλ’
1100 2582 1123 2684 ἢ
1143 2584 1164 2662 ὁ
1183 2583 1256 2663 Λό-

205 2741 271 2810 γος
301 2715 365 2787 τοῦ
391 2705 564 2812 Πατρός;
596 2706 637 2789 ὃν
664 2710 904 2791 ἀποστέλλων
931 2709 1060 2814 Πατὴρ
1085 2710 1256 2789 ἐδείκνυεν

206 2834 409 2940 ἀνθρώποις
435 2832 502 2935 τὴν
528 2838 612 2940 παρ’
642 2838 768 2917 ἑαυτοῦ
800 2837 980 2944 ἐξουσίαν.
1033 2835 1163 2920 Οὕτως
1195 2836 1258 2916 οὖν

207 2961 369 3070 ἐμφανὴς
385 2963 524 3064 ἐγένετο
548 2965 568 3043 ὁ
591 2961 722 3065 Λόγος,
741 2961 858 3048 καθὼς
882 2963 992 3066 λέγει,
1010 2967 1252 3074 ἀνακεφαλαι·

211 3191 270 3250 ium
289 3189 448 3250 secundum
467 3189 670 3260 Valentinum,
685 3203 715 3251 et
798 3191 872 3249 ΧΠ.
894 3191 931 3249 ln
952 3190 997 3250 his
1015 3191 1106 3269 igitur
1126 3188 1259 3249 Verbum

213 3271 404 3339 Marcionem,
425 3282 456 3330 et
476 3271 660 3341 cerinthum,
685 3282 716 3330 et
757 3271 935 3336 versabatur,
966 3270 1088 3348 loquens
1118 3268 1155 3328 de
1183 3271 1257 3350 ipco.

212 3371 328 3410 onmem
356 3351 472 3411 illorum
500 3353 715 3430 nugacitatem
756 3351 1259 3431 Jumenimipceenuspraecoerut3

211 3441 244 3491 et
258 3432 316 3492 buc
334 3431 467 3492 nolentes
488 3432 664 3500 reciderunt,
683 3442 717 3490 ut
758 3431 985 3509 ostendebatque
994 3432 1127 3490 futurum
1143 3451 1214 3499 esse,
1225 3441 1261 3488 ut

212 3531 300 3571 unum
319 3513 450 3571 omnium
467 3532 581 3571 cunnum
596 3511 718 3572 confite.
758 3511 891 3572 Verbum
918 3512 949 3569 in
978 3512 1143 3571 bominibus
1173 3531 1260 3592 oppu-

212 3603 308 3652 antur.
337 3593 432 3671 Igitur
448 3593 565 3652 veritati
583 3593 717 3652 nolenter
757 3604 844 3654 reret.
887 3591 1000 3651 Idcirco
1026 3593 1067 3651 sic
1099 3591 1259 3656 clnmabntr

212 3673 410 3740 consentiunt,
425 3693 487 3732 ense
500 3673 611 3732 scilicet
625 3693 717 3732 unum
758 3673 889 3732 ⁸Fcotus
902 3694 963 3731 rum
978 3671 1147 3752 monfirtur
1162 3672 1198 3730 iis
1212 3673 1261 3753 qui

213 3751 322 3823 Deum,
347 3753 398 3830 qui
422 3753 494 3812 fecit
521 3752 618 3812 omnin
642 3754 717 3812 sicut
759 3753 985 3847 conquaerebant
993 3775 1054 3819 τινες
1065 3753 1261 3812 inventum-um

212 3831 318 3892 voluit.
341 3832 401 3892 Hic
414 3845 512 3892 nutem
527 3832 609 3892 dedit
623 3834 718 3912 legem
759 3835 796 3893 ab
808 3835 967 3915 inquiror
982 3834 1195 3910 interroyabunt
1209 3854 1261 3890 me.

212 3923 244 3972 et
262 3913 438 3993 prophetae3
459 3925 490 3973 et
509 3911 605 3972 dando
624 3914 718 3992 co'e'git
760 3915 836 3987 Quin
860 3935 929 3974 vero
952 3924 997 3974 est
1020 3913 1071 3992 qui
1098 3914 1193 3972 fuctus
1218 3925 1261 3972 est

213 3994 267 4052 bos
283 4013 335 4073 per
354 3994 498 4073 Spiritum
519 3994 660 4053 Sanctum
677 3993 719 4052 lo·
759 3995 941 4061 manifestus,
966 3995 1022 4053 uiri
1046 3993 1178 4056 Verbum
1205 3994 1262 4052 Pa·
1337 4043 1342 4052 .

213 4073 275 4151 qui,
290 4083 325 4132 ut
343 4073 518 4154 accipientes
535 4075 654 4133 virtutis
668 4095 719 4154 pu-
760 4077 834 4134 triu?
864 4074 944 4152 quod
967 4095 1032 4134 cum
1059 4074 1148 4135 Pater
1172 4075 1262 4146 misit,

212 4163 303 4213 tcrnoe
320 4155 550 4233 inspirationem,
565 4154 719 4214 consilium
761 4165 935 4234 potestatem
956 4175 1037 4213 ruam
1059 4155 1188 4214 ostendit
1209 4154 1262 4213 ho.

213 4244 244 4293 et
267 4233 450 4294 voluntatem
478 4236 576 4296 Patris
598 4234 717 4295 nuntiu-
760 4235 896 4294 minibus.
930 4235 980 4295 Sic
993 4235 1083 4314 igitur
1094 4236 1204 4295 fuctum
1217 4246 1263 4294 est

213 4325 289 4373 rent.
760 4317 946 4376 manifestum
966 4316 1108 4388 Verbum,
1128 4317 1204 4376 sicut
1222 4316 1263 4376 ait

646 4477 834 4529 emerim.

712 4561 766 4625 rt
