3316 5198
409 501 608 568 CONTRA
631 499 867 564 HAERESIM
892 497 1054 563 ΝΟΕΤῙ.
1220 495 1263 562 75

208 677 355 776 λάσσει,
373 679 485 784 καιρῷ
512 672 699 782 ὡρισμένῳ
724 672 808 776 παρ’
829 673 925 778 αὐτῷ
952 669 1099 770 μέλλων
1118 671 1257 749 ἀποκα-

207 806 369 888 λίσττειν.
429 802 536 904 Λέγει
554 799 592 882 δέ
610 796 733 895 οὕτως,
751 800 819 879 Ἐκ
841 794 1002 902 γαστρὸς
1018 796 1090 900 πρὸ
1108 795 1254 902 ἑωσφό-

206 969 272 1039 ρου
294 929 512 1042 ἐξεγέννησοί
535 964 591 1011 σε.

264 1060 326 1166 ιζ.
357 1058 552 1163 Αὐτάρκεις
579 1057 683 1138 αὗται
716 1061 753 1136 αἱ
785 1056 974 1160 μαρτυρίαι
999 1062 1142 1140 πιστοῖς
1169 1053 1260 1156 ἀλή-

180 1199 306 1288 κθειαν
335 1193 523 1270 ἀσκοῦσιν·
554 1193 587 1266 οἱ
619 1184 657 1266 δὲ
689 1186 837 1266 ἄπιστοι
869 1185 983 1264 οὐδενὶ
1010 1183 1256 1264 πιστεύουσιν.

209 1321 282 1398 Καὶ
299 1316 372 1422 γὰρ
389 1315 432 1396 τὸ
452 1321 601 1413 Πνεῦμα
623 1310 666 1392 τὸ
692 1309 795 1414 ἄγων
816 1312 1013 1422 (Audendum
1034 1337 1079 1386 eet
1099 1337 1167 1407 post
1181 1326 1260 1384 Tur.

208 1463 281 1523 rinni
309 1463 430 1542 interpr.
457 1442 517 1522 ἵνα
545 1439 728 1550 &offiium
770 1440 809 1518 ἐκ
837 1433 1037 1541 προσώπου
1068 1439 1142 1513 τῶν
1168 1435 1259 1512 ἀπο-

207 1567 355 1650 στόλων
373 1569 641 1675 διεμαρηίρατο,
660 1568 789 1672 λέγων·
819 1569 878 1647 καὶ
903 1565 957 1648 τίς
982 1564 1195 1643 ἐπίστευσεν
1212 1595 1258 1666 τῃ

208 1699 298 1803 ἀκοῇ
317 1698 419 1797 ἡμων
436 1732 446 1794 ;
478 1696 574 1777 ὥστε
592 1695 642 1798 μὴ
660 1696 844 1799 γενώμεθα
862 1693 1022 1787 ἄπιστοι,
1037 1688 1175 1790 μήποτε
1202 1689 1258 1794 ἐφ’

163 1825 292 1925 ιοὴμῖν
314 1831 448 1932 τελεσῄ
473 1822 516 1905 τὸ
539 1822 733 1930 εἰρημένον.
793 1820 1056 1919 Πιστεύσωμεν
1083 1818 1156 1914 οὖν,
1182 1852 1255 1916 μα-

208 1949 323 2056 κοίριοι
355 1954 518 2060 ἀδελφοὶ,
549 1950 642 2032 κατὰ
673 1950 740 2051 τὴν
765 1947 970 2052 παράδοσιν
994 1952 1068 2025 τῶν
1094 1941 1256 2024 ἀποστό-

209 2089 296 2180 λων,
315 2080 370 2161 ὅτι
398 2080 492 2164 Θεὸς
517 2079 638 2182 Λόγος
663 2081 723 2158 ἀπ’
745 2081 904 2182 οὐρανῶν
922 2081 1101 2176 κατῆλθεν
1119 2081 1167 2159 είς
1193 2072 1260 2174 τὴν

209 2209 316 2310 ἁγίαν
343 2207 523 2311 παρθένον
553 2208 712 2310 Μαρίαν,
744 2205 803 2286 ’ίνα
834 2207 1033 2309 σαρκωθεὶς
1064 2203 1108 2310 ἐξ
1138 2203 1257 2301 αὐτῆς,

208 2331 336 2428 λαβὼν
363 2334 401 2414 δὲ
433 2338 491 2415 καὶ
520 2332 647 2441 ψυχὴν
678 2331 744 2433 τὴν
774 2333 1009 2438 ἀνθρωπίιογν,
1042 2327 1194 2432 λογικὴν
1220 2328 1259 2410 δὲ

163 2458 315 2562 ιςλέγω,
347 2460 504 2563 γεγονὼς
532 2460 653 2542 πάντα
690 2459 763 2540 ὅσα
799 2462 900 2540 ἐστὶν
933 2461 1131 2562 ἅνθρωπος,
1159 2454 1258 2542 ἐκτὸς

208 2588 395 2692 ἁμαρτίας,
418 2589 527 2694 σοίσῃ
555 2587 619 2668 τὸν
636 2587 859 2686 πεπτωκότα
877 2591 935 2668 καὶ
961 2587 1171 2693 ἀφθαρσίαν
1190 2587 1253 2664 ἀν-

208 2714 363 2819 θρώποις
380 2714 556 2822 παράσχῃ
581 2723 656 2800 τοῖς
679 2715 912 2797 πιστεύουσα
931 2720 979 2799 είς
996 2710 1038 2793 τὸ
1057 2712 1169 2811 ὄνομα
1188 2713 1252 2791 αὐ·

208 2850 281 2922 τοῦ.
337 2843 404 2922 Ἑν
419 2850 534 2923 πᾶσιν
552 2843 614 2922 οὖν
633 2841 875 2922 ἀποδέδεικται
896 2843 981 2942 ἡμῖν
998 2844 1062 2939 τῆς
1089 2840 1257 2940 ἀληθείας

208 2967 329 3072 λόγος,
359 2969 414 3050 ὅτι
443 2970 492 3055 εἷς
520 2973 621 3051 ε’στιν
648 2973 669 3050 ὁ
695 2968 834 3075 Πατὴρ,
862 2971 904 3051 οὗ
934 2972 1005 3072 (for.
1029 2966 1074 3078 ᾧ)
1102 2966 1257 3073 πάρεστι

209 3201 273 3248 tum
294 3209 328 3248 uc
347 3189 533 3268 praefinitum,
553 3211 619 3250 cum
638 3189 712 3249 illud
753 3210 838 3248 onem
853 3189 1062 3269 apostolorum,
1078 3190 1156 3268 quod
1174 3189 1256 3248 Deus

209 3270 391 3330 revelaturus
404 3282 459 3330 eet.
481 3271 709 3330 aSicenimeit:
754 3269 886 3330 Verbum
910 3291 926 3328 e
950 3269 1032 3328 eoelis
1057 3269 1206 3329 deseendit
1225 3270 1255 3327 in

210 3351 260 3409 Ee
274 3359 353 3410 utero
366 3351 612 3432 unteLucfferum
624 3351 713 3431 genui
753 3361 881 3410 sunctum
897 3349 1051 3429 Virginem
1073 3349 1207 3417 Marium,
1222 3363 1256 3409 ut

209 3441 244 3492 ιι.
754 3451 791 3489 εκ
807 3451 841 3490 eu
854 3432 1021 3490 incarnatus
1034 3441 1150 3510 sumpte
1161 3431 1257 3488 enimn

250 3511 356 3571 XVII.
372 3512 529 3572 Sufficiunt
549 3514 612 3572 haec
629 3513 713 3572 teeti·
754 3512 890 3582 humana,
906 3512 1027 3571 rationis
1047 3513 1164 3590 inquam
1189 3531 1256 3590 par.

208 3593 306 3652 monin
320 3591 455 3653 fidelibus
469 3595 601 3652 veritatis
619 3593 713 3653 studi·
754 3592 854 3672 ticipe,
877 3594 973 3652 faetus
997 3593 1095 3652 omnia
1118 3611 1255 3670 quecun·

209 3674 277 3741 osis,
297 3672 430 3733 infideles
451 3674 528 3733 euim
555 3674 629 3732 nulli
651 3695 712 3732 cre·
754 3693 812 3750 que
832 3675 920 3732 homo
940 3684 995 3740 eet,
1011 3684 1134 3752 excepto
1153 3691 1254 3751 peuen-

210 3753 293 3814 dunt.
311 3754 432 3813 Etenim
445 3755 575 3833 Spiritus
586 3755 713 3814 Sanctus
755 3765 795 3820 to.
818 3755 942 3814 salvaret
956 3753 1052 3814 Adam
1073 3753 1124 3831 qui
1145 3753 1255 3813 eeeide-

210 3845 245 3893 ut
252 3844 386 3901 terreret,
397 3835 427 3893 in
438 3855 560 3914 persone
568 3835 712 3928 apostolo-
754 3847 810 3902 ret,
822 3847 852 3895 et
866 3835 1112 3895 immortalitatem
1130 3833 1255 3892 homini.

209 3935 274 3973 rum
283 3925 408 3974 testatus
417 3927 476 3975 eet:
488 3912 638 3987 1’1)ουιυιο,
649 3917 713 3997 quie
754 3917 810 3974 bus
823 3916 978 3995 largiretur
989 3917 1033 3983 iis,
1043 3916 1093 3994 qui
1104 3913 1255 3975 crederent

210 3996 332 4054 credidit
342 3996 455 4055 auditui
466 3999 586 4056 nostro?
600 3997 711 4070 Quam·
754 3996 785 4055 in
808 3998 925 4056 nomine
947 3997 1020 4074 ejus.
1062 3997 1098 4055 In
1118 3996 1255 4056 omnibus

209 4076 308 4135 obrem
334 4096 371 4134 ne
396 4077 487 4135 simus
508 4077 650 4145 infideles,
676 4097 713 4138 ue
753 4078 846 4156 igitur
866 4078 1093 4136 demonstratum
1113 4086 1157 4136 eet
1172 4077 1256 4136 nobie

210 4155 326 4234 quando
347 4157 379 4214 iu
398 4157 492 4224 nobis,
508 4158 586 4236 quod
601 4158 711 4217 dietum
754 4160 874 4218 verbum
903 4158 1043 4226 veritatis,
1072 4158 1151 4235 quod
1178 4177 1255 4217 unus

210 4247 264 4306 est,
280 4237 444 4315 implentur.
483 4239 644 4297 Credamus
657 4239 713 4316 igi.
753 4251 799 4298 est
813 4239 912 4307 Pater,
923 4238 1007 4316 cujus
1019 4237 1101 4298 adest
1110 4238 1253 4308 Verbum,

210 4329 268 4385 tur,
284 4317 398 4385 fratres,
414 4319 574 4376 secundum
596 4319 712 4378 traditi·
754 4340 806 4398 per
832 4319 912 4396 quod
939 4319 1035 4378 omnin
1067 4319 1146 4390 fecit,
1175 4319 1253 4397 quod

295 4501 318 4566 '¹
332 4489 395 4539 usal.
406 4505 444 4540 ex.
456 4503 480 4550 3·
619 4492 633 4530 ὓ
646 4491 710 4541 Ειιιί.
722 4491 764 4540 liii.
778 4506 798 4541 1.
814 4491 874 4541 sou.
886 4491 928 4540 xii.
941 4493 981 4553 3⁸·
1000 4492 1069 4540 Rom.
1082 4509 1106 4540 x.
1118 4493 1154 4540 ιο.

708 4578 727 4620 1.
745 4576 762 4620 2
