3314 5190
337 1173 387 1270 S.
421 1171 733 1273 CAECILII
762 1171 1140 1272 CYPRIANI

686 1427 789 1470 unsa

260 1605 348 1690 DE
378 1605 591 1692 OPERE
620 1605 706 1692 ΕΤ
734 1605 1211 1694 ELEEMOSYNIS.

620 1851 839 1885 *-

212 2032 242 2102 Ι.
263 2029 499 2181 MULTA
517 2041 555 2104 et
570 2055 700 2128 magna
712 2041 805 2116 sunt,
819 2032 944 2103 fratrea
957 2033 1136 2118 oanssirni,
1153 2032 1261 2105 bane·

183 2161 199 2223 5
378 2149 459 2222 fiola
475 2149 604 2232 divina,
628 2149 755 2243 quibus
777 2149 815 2222 in
835 2148 987 2220 salutem
1009 2157 1166 2222 nostram
1190 2149 1261 2222 Dei

71 2257 79 2274 ‘
213 2261 330 2336 Patris
343 2273 381 2336 et
393 2264 526 2336 Christi
543 2265 641 2359 larga
653 2272 691 2335 et
702 2266 844 2357 eopiosa
859 2264 1050 2336 elementia
1062 2275 1100 2336 et
1117 2275 1262 2360 operata

211 2383 258 2452 sit
275 2390 313 2454 et
335 2405 475 2476 semper
497 2391 684 2476 operetur;
711 2383 805 2476 quod
822 2383 1070 2455 oonservandis
1092 2406 1133 2454 ae
1150 2385 1263 2456 vivili-

212 2501 334 2572 eandis
363 2501 465 2572 nobis
496 2499 605 2571 Pater
634 2499 765 2570 Filium
798 2499 906 2583 misit,
935 2508 978 2571 ut
1007 2521 1168 2594 reparare
1197 2521 1262 2572 uos

211 2625 340 2709 posset,
363 2617 529 2710 quodque
550 2615 811 2688 Filiusmissus
836 2639 913 2688 esse
936 2625 974 2688 et
996 2617 1149 2690 hominis
1168 2616 1263 2688 filius

168 2733 289 2804 reflari
305 2732 418 2805 voluit
435 2741 477 2806 ut
499 2755 564 2804 uos
588 2731 657 2803 Dei
674 2731 766 2804 lilios
786 2733 929 2804 faeeret.
982 2732 1197 2806 Humiliavit
1213 2757 1262 2819 ae,

212 2857 254 2918 ut
279 2849 450 2942 populum
473 2849 533 2940 qui
555 2848 653 2941 prius
669 2848 814 2940 jacebat
837 2851 999 2943 erigeret.
1043 2849 1263 2923 Vulneratus

213 2974 278 3047 est,
295 2974 338 3035 ut
354 2964 502 3038 vulnera
516 2971 638 3035 nostra
653 2971 803 3034 curaret.
855 2963 1018 3046 Servivit,
1036 2973 1080 3035 ut
1094 2967 1140 3036 ad
1156 2965 1262 3037 libar-

214 3086 327 3150 tatem
343 3079 536 3150 servientes
557 3075 773 3150 extraheret.
825 3075 923 3146 Mori
945 3077 1122 3160 sustinuit,
1139 3086 1181 3148 ut
1197 3079 1264 3148 im-

214 3193 468 3266 mortalitatem
486 3190 694 3264 mortalibus
711 3189 907 3262 exhiberet.
946 3189 1069 3262 Multa
1084 3191 1163 3262 haeo
1180 3201 1265 3263 sunt

169 3319 252 3404 150t
274 3331 404 3404 magna
426 3309 552 3381 divine
574 3305 824 3380 misericordiae
847 3327 1004 3378 munera
1052 3305 1124 3378 Sed
1147 3307 1263 3380 adhue

17 3409 20 3414 ⁵
214 3425 327 3519 qualis
344 3425 566 3519 providentia
588 3423 650 3495 illa
666 3431 704 3496 et
726 3431 859 3515 quanta
881 3422 1072 3495 elementia
1087 3432 1152 3508 est,
1170 3425 1265 3517 quod

214 3543 316 3614 nobis
339 3542 482 3614 salutari
504 3525 643 3612 rationo
668 3539 887 3632 prospioitua
905 3549 947 3610 ut
971 3539 1106 3611 homiui
1127 3541 1188 3633 qui
1210 3563 1266 3612 re·

215 3657 382 3749 demptus
411 3664 476 3739 est,
502 3653 713 3726 reservando
739 3653 878 3748 plenius
908 3653 1131 3726 consulatur!
1167 3654 1264 3726 Nam

215 3793 298 3841 oum
332 3769 507 3840 Dominus
536 3770 728 3842 adveniens
756 3777 912 3841 sanasset
942 3771 1003 3842 illa
1030 3793 1111 3863 quae
1145 3769 1266 3842 Adam

169 3891 417 3977 reportaverat
443 3884 598 3968 vulnera,
615 3895 654 3957 et
677 3907 813 3958 venena
837 3888 1009 3978 serpentis
1033 3887 1179 3978 antiqua
1203 3907 1266 3957 eu-

216 4007 337 4082 rasset,
360 3999 477 4094 legem
504 4001 604 4072 dedit
628 4023 724 4084 sono,
748 4010 786 4072 et
811 4002 982 4095 praeoepit
1007 4001 1170 4072 neultra
1188 4001 1266 4094 jam
1274 4026 1347 4078 rm
1359 4046 1383 4081 v.

216 4125 390 4210 peecaret,
413 4139 460 4188 ne
485 4118 571 4210 quid
592 4120 754 4210 peeoanti
778 4119 919 4212 gravius
939 4119 1108 4190 eveniret
1160 4119 1267 4192 Conr-

217 4234 284 4306 tati
314 4255 455 4306 eramus
485 4243 523 4304 et
552 4233 590 4303 in
623 4241 814 4326 angvrstum
844 4233 1058 4304 innooentiae
1086 4235 1269 4328 praeserip-

217 4351 316 4420 tione
350 4348 519 4422 eonolusi.
572 4347 654 4420 Nee
684 4347 832 4420 haberet
860 4349 945 4439 quid
976 4349 1175 4444 fragilitatis
1203 4352 1269 4422 hu-
