3326 5200
319 463 370 526 IN
393 462 636 527 TERTULL.
661 463 725 526 DE
749 463 1041 528 PRAESCRIPT.
1067 465 1193 532 ΗΕΒ.
1217 468 1282 534 21³

234 639 267 702 u
288 635 431 717 nepem
452 640 514 704 ee
531 637 677 718 ἄρχωσιν
702 636 959 716 προσεδρεύοντες,
976 637 1158 722 Appuritic,
1180 638 1281 718 ’Exes-

234 725 363 802 βασμός.
409 722 459 786 Eo
473 743 566 786 sensu
581 719 664 785 dixit
678 720 850 805 Septimius
865 728 974 786 noster
986 723 1068 788 libro
1091 725 1131 788 de
1150 725 1281 811 Specta·

235 808 313 874 culis
327 830 359 893 p.
376 809 428 891 98.
451 811 553 872 Aures
567 817 595 872 et
608 807 705 872 oratos
717 828 869 892 apparere
881 808 1031 892 spirited:
1056 811 1133 874 Ome
1153 813 1282 896 spiritui

234 903 406 980 appareant
419 915 510 960 curn
523 903 552 958 et
565 893 666 967 neuti,·
690 915 744 958 nec
758 894 855 977 possit
875 895 1008 960 mundns
1021 899 1181 980 prestari,
1197 898 1283 982 σιιράι

233 981 425 1066 apparitores
438 981 650 1066 inquinantur.
673 979 803 1042 anrur.

280 1067 345 1131 P.1
375 1067 403 1130 8.
419 1066 441 1128 Ι.
458 1071 489 1129 6.
506 1065 665 1151 processio
686 1064 856 1151 modestia]
883 1066 1104 1132 Procedebnnt
1126 1068 1158 1132 in
1203 1069 1281 1133 ubli·

235 1175 307 1217 cum
331 1087 504 1218 Ciristiani
529 1154 675 1216 modesto
700 1151 814 1216 habitu
836 1151 995 1236 vultuque.
1030 1153 1082 1218 Sic
1104 1154 1158 1219 lib.
1176 1091 1221 1220 ii.
1240 1156 1281 1220 de

235 1239 331 1304 Gultn
356 1239 515 1303 Feminer.
555 1237 642 1301 Vobis
663 1247 765 1302 estem
788 1237 877 1301 nullo
895 1238 1082 1322 procedendi
1105 1261 1197 1304 com
1222 1261 1281 1306 non

235 1326 352 1390 tetrice
396 1329 464 1389 Aut
486 1324 653 1388 irnbect'tlnr
676 1324 792 1408 aliquis
815 1346 852 1387 en
868 1323 1027 1407 frutribus
1051 1327 1204 1403 υὼᾱιιπιν,
1227 1337 1283 1391 ortt

234 1412 419 1560 rlpmflcinm
439 1413 572 1495 offertur,
587 1419 642 1474 ant
655 1411 719 1474 Dei
738 1431 834 1474 sermo
853 1410 1093 1476 admmenrntur
1108 1414 1163 1476 tre.
1179 1435 1210 1497 p.
1229 1417 1280 1477 80.

267 1521 364 1561 resur.

279 1583 362 1648 Ibin.
378 1583 398 1647 Ι.
417 1585 464 1646 r6.
479 1583 519 1646 de
541 1581 632 1646 saevis
654 1589 688 1646 et
713 1581 869 1666 perversis
894 1581 1062 1668 doctrinis]
1088 1583 1182 1647 Ser-is.
1228 1583 1281 1648 Sic

235 1670 355 1754 optime
376 1669 456 1733 liber
472 1667 591 1732 Ursini.
638 1666 755 1744 Antea,
777 1669 874 1732 scente
920 1669 1014 1734 Nullo
1036 1691 1140 1733 sensu.
1186 1670 1281 1734 Seras

236 1755 398 1820 doctrinas
423 1755 501 1819 dicit
527 1753 729 1830 Antichristi‚
755 1755 846 1837 cujus
867 1761 1014 1838 tempore
1042 1755 1179 1840 excipiet
1208 1777 1280 1819 oon·

236 1842 407 1906 summatio
435 1840 540 1906 seculi.
589 1840 666 1904 Tria
694 1847 840 1924 tempora
868 1839 902 1903 in
931 1839 1129 1904 Tertullinnii
1154 1841 1281 1925 scriptis

236 1937 367 1992 cunctas
382 1927 544 1990 hominum
559 1933 674 1990 aetntes
690 1925 843 2004 dividunt,
857 1925 999 2002 Naturae,
1017 1925 1112 2012 Legis
1126 1934 1160 1990 et
1176 1927 1281 1992 Evan-

235 2014 316 2100 getii.
368 2014 483 2098 ltaque
513 2012 660 2076 ultimum
688 2019 739 2076 eet
762 2010 916 2096 evangelii
937 2019 1073 2097 tempus,
1090 2012 1280 2097 subrepente

236 2100 437 2165 Antichristo
451 2107 485 2163 et
499 2097 595 2162 seculi
610 2099 682 2163 tine.
706 2097 787 2161 Haec
802 2097 979 2175 Rrsrrrrus,
992 2097 1045 2182 qui
1059 2098 1134 2162 sores
1148 2099 1279 2183 recepit.

236 2186 402 2262 Attamen,
419 2192 550 2250 extante
565 2183 598 2247 in
611 2184 863 2270 precedentibus
877 2183 1068 2248 editionibus
1081 2185 1178 2260 wne,
1195 2183 1280 2248 haud

236 2273 423 2356 spnmendn,
446 2272 510 2335 imo
533 2271 755 2354 amplectenda
778 2276 836 2347 est,
860 2270 1042 2353 conjectura
1063 2269 1154 2333 Juuii
1176 2271 1282 2334 wenis

236 2358 427 2442 reponentis.
465 2356 587 2422 Glcssae
615 2357 705 2421 Vett.
733 2357 850 2432 Σκαιὸς,
876 2377 997 2434 cesenas,
1023 2378 1129 2432 enum,
1150 2377 1280 2442 proven

237 2445 334 2508 deon
359 2444 392 2508 in
417 2443 587 2508 editionem
611 2465 701 2508 suam
723 2442 882 2508 revocavit
904 2442 1102 2520 Thomnsius,
1118 2442 1282 2528 adscripta

236 2529 338 2594 nitere
352 2530 486 2594 lectione
500 2530 576 2594 serus
589 2530 632 2594 ad
646 2551 746 2595 oram.

281 2615 362 2680 Ibid.
386 2616 406 2679 l.
438 2633 489 2698 27.
517 2615 631 2699 ltaque
660 2616 783 2680 veniam
811 2613 1033 2700 merebuntur]
1061 2614 1184 2680 lronioe
1213 2615 1281 2680 haeo

236 2701 331 2766 dictu.
347 2703 429 2766 sicut
444 2700 567 2765 notuvit
582 2701 750 2766 Semlerus.

281 2787 362 2851 lbid.
392 2788 412 2852 l.
442 2807 497 2873 33.
527 2788 638 2870 semet]
671 2787 716 2851 H.
747 2810 776 2852 e.
806 2788 895 2866 ἅπαξ,
925 2795 1053 2852 tuntum
1082 2786 1188 2865 semel,
1217 2808 1281 2850 non

236 2873 362 2938 iterum.

283 2959 318 3022 P.
341 2979 413 3043 159.
440 2959 461 3024 Ι.
481 2978 509 3023 2.
536 2960 593 3023 sed
616 2981 713 3043 quum
737 2981 792 3023 vos
815 2980 879 3022 non
903 2957 1088 3034 crederetis]
1119 2957 1282 3022 Particrda

237 3045 386 3130 negativa
411 3044 509 3110 cuivis
535 3066 659 3109 sensum
686 3043 825 3110 auctoris
850 3045 931 3107 bene
959 3041 1167 3129 perpendenti
1195 3063 1281 3106 amo-

238 3131 340 3196 venda
369 3131 537 3196 videbitur.
583 3131 742 3196 (hterum
770 3129 847 3193 illud
877 3127 1193 3192 animadvertendum
1222 3135 1281 3204 est,

237 3216 343 3300 posita
364 3217 460 3282 fuisse
482 3217 550 3280 hren
565 3217 661 3280 verba
683 3215 716 3280 in
735 3215 828 3279 editt.
844 3213 1065 3278 vetustissimis
1086 3219 1161 3297 post
1174 3233 1282 3277 venem

237 3303 478 3374 marianorum,-
507 3325 545 3368 ac
565 3301 759 3386 displicuisse
780 3299 804 3363 J
806 3299 881 3363 unio
899 3299 1190 3384 transpositionem,
1212 3321 1282 3383 qnae

238 3390 410 3453 eorundem
421 3389 631 3474 posteesneta
639 3395 698 3452 est.
721 3387 773 3451 Ita
784 3386 868 3450 enim
877 3385 1000 3450 scribit:
1014 3385 1218 3462 “Falluntur‚
1229 3385 1283 3469 qui

240 3481 260 3510 “
274 3474 325 3539 hic
334 3483 547 3575 transponunt
557 3474 697 3541 auctoris
705 3473 811 3537 verba.
831 3473 901 3556 Ego
914 3472 1047 3556 primum
1058 3470 1239 3548 editionem,
1249 3478 1283 3534 et

240 3569 260 3596 “
273 3569 561 3645 manuscriptorum
572 3581 757 3624 eonsensum
772 3581 915 3644 sequeus
924 3558 972 3622 ita
982 3557 1149 3643 legendum
1161 3578 1282 3622 censeo.

240 3655 259 3682 “
275 3646 475 3722 Ηὺωπίίὺω,
498 3647 531 3710 id
556 3653 616 3720 est,
638 3645 819 3746 discipulis,
837 3645 911 3709 necis
935 3644 1039 3708 endam
1062 3643 1107 3706 ud
1131 3663 1180 3706 nos
1198 3664 1283 3728 μω·

240 3743 259 3767 “
273 3732 380 3797 dicnre
400 3732 618 3796 mandaveram
643 3731 804 3812 (nimirum
825 3731 1023 3795 solummodo
1042 3729 1111 3792 viva
1125 3731 1216 3810 voce)
1231 3727 1286 3793 nd

239 3825 258 3853 “
273 3839 366 3902 quarn
380 3841 429 3883 cos
439 3840 501 3882 nou
514 3818 675 3884 crederetis
690 3823 703 3902 (
727 3817 922 3882 raedieationi
939 3817 1077 3895 illorum)
1092 3813 1183 3878 ml
1194 3834 1283 3878 oon*

240 3911 258 3938 “
270 3904 393 3988 petinere,
412 3914 441 3968 et
469 3904 601 3987 ejudem
765 3903 935 3968 donninom
963 3901 1104 3987 apostolic
1131 3901 1205 3964 metr
1232 3899 1283 3964 de-

239 3997 258 4024 “
271 3989 450 4074 mam,
466 4001 546 4076 puta
561 3991 725 4056 literanum
743 3989 956 4054 monumentis
975 3987 1233 4073 consigrmudnm,
1249 3997 1284 4048 et

239 4083 258 4110 ‘⁴
273 4076 494 4160 deponendum
522 4077 555 4140 in
584 4076 716 4142 ecclesia
745 4097 825 4140 mea.
871 4074 934 4140 nod
961 4072 1050 4138 tibae
1079 4073 1156 4136 miti
1178 4081 1284 4156 penten

239 4168 258 4198 “
272 4162 380 4246 atique
409 4162 481 4226 inde
505 4172 634 4238 medon,
661 4183 774 4246 nempe
804 4168 840 4225 ut
870 4167 944 4260 post
968 4158 1096 4224 abillis
1120 4160 1283 4224 haereseon

239 4247 455 4314 “auctoribus
477 4247 537 4313 suit
559 4249 753 4313 factitatum.
799 4245 851 4311 Sic
874 4261 999 4329 integra
1019 4244 1157 4310 omnin.”
1202 4243 1283 4308 Heec

234 4331 259 4396 J
261 4334 362 4412 unius,
379 4333 493 4418 quibus
508 4342 616 4400 tamen
630 4335 716 4400 hand
735 4331 901 4398 assentior.
947 4331 1004 4396 Sin
1019 4351 1094 4396 vcro
1109 4337 1200 4394 vetus
1214 4351 1283 4394 sen-
