3316 5198
434 481 498 544 DE
522 482 922 548 PRAESCRIPTIONE
947 483 1073 549 ΗΕΒ.
1215 488 1276 551 131

227 651 462 746 prolationem
496 655 674 747 quaerendi
703 665 741 726 et
771 657 973 727 inveniendi
1003 658 1179 730 credendo
1212 659 1278 730 lix-

228 769 297 840 isti.
349 768 458 840 Hunc
487 770 553 840 tibi
583 772 728 842 modum
759 773 885 843 statuit
915 773 1051 844 fructus
1080 774 1156 867 ipse
1185 798 1278 867 quae-

229 884 339 955 rendi.
391 885 497 956 Hanc
526 884 592 956 tibi
617 887 747 958 fossam
777 889 1027 960 determinavit
1052 890 1126 982 ipse
1152 891 1213 981 qui
1238 898 1276 960 te

228 1023 301 1070 nou
326 999 404 1072 vult
428 1002 525 1072 aliud
550 1004 703 1086 eredere,
729 1027 836 1097 quam
866 1006 960 1097 quod
990 1005 1154 1088 instituit,
1180 1006 1277 1076 ideo-

200 1135 299 1211 5que
315 1140 382 1190 nec
398 1141 563 1212 quaerere.
615 1118 794 1203 Ceterum,
812 1123 841 1192 si
859 1123 942 1214 quia
964 1129 1002 1192 et
1023 1119 1092 1192 elia
1113 1129 1215 1192 tanta
1230 1123 1275 1193 eb

227 1233 306 1308 aliis
334 1244 418 1305 sunt
449 1236 623 1320 institute,
656 1245 844 1330 propterea
875 1239 912 1307 in
946 1245 1088 1309 tantum
1121 1261 1276 1330 querere

228 1351 409 1434 debemus,
438 1353 476 1422 iu
505 1359 679 1446 quantum
708 1375 894 1446 possumus
923 1355 1102 1438 invenire3
1136 1376 1276 1447 semper

228 1489 434 1559 quaeremus,
470 1476 508 1538 et
542 1491 736 1561 numquam
772 1471 916 1540 omnino
953 1469 1147 1541 credemus.
1200 1471 1274 1543 Ubi

228 1583 323 1653 enim
347 1583 415 1654 erit
438 1583 517 1655 finis
539 1583 741 1677 quaerendi?
775 1585 838 1656 ubi
860 1587 966 1656 statio
994 1585 1183 1657 credendi?
1213 1586 1275 1658 ubi

183 1700 422 1791 roexpunctio
456 1701 682 1773 inveniendi?
716 1698 826 1795 Apud
858 1700 1103 1774 Marcionem?
1145 1702 1208 1774 sed
1237 1712 1276 1773 et

229 1812 444 1887 Valentinus
473 1819 647 1911 proponit,
677 1815 840 1907 Qseoemtc,
868 1826 899 1890 ct
925 1817 1113 1889 inuenietis.
1164 1817 1275 1910 Apud

229 1928 489 2004 Valentinum?
514 1932 577 2004 sed
594 1941 632 2005 et
648 1932 797 2028 Apelles
816 1935 884 2006 hac
905 1956 964 2004 me
985 1933 1275 2027 pronunciatione

227 2046 404 2139 pulsabit:
442 2057 480 2118 et
516 2047 670 2132 Hebion,
701 2059 738 2121 et
769 2049 903 2132 Simon,
934 2059 972 2121 et
1001 2071 1124 2121 omnes
1153 2052 1276 2121 ordine

228 2185 299 2233 non
324 2163 457 2234 habent
480 2161 675 2258 aliudque
698 2189 737 2237 se
759 2166 848 2236 mihi
873 2167 1101 2248 insinuantes,
1124 2189 1183 2236 me
1208 2167 1274 2238 sibi

185 2298 217 2359 ¹5
228 2279 410 2351 addicant,
431 2280 502 2352 Ero
515 2282 636 2374 itaque
649 2304 833 2373 nusquam,
845 2283 930 2352 dum
944 2282 1076 2373 ubique
1092 2285 1274 2366 convenio,

229 2395 391 2485 eume,
402 2405 434 2468 et
447 2398 642 2469 invenictis:
661 2407 700 2469 et
713 2398 820 2469 velim
830 2396 1115 2488 (obaudiendum
1130 2399 1274 2485 videtur,

227 2513 354 2584 dicere.
373 2515 442 2584 vid.
459 2517 596 2606 notam)
614 2515 664 2584 sic
682 2537 865 2608 nusquam,
886 2517 984 2608 quasi
1010 2515 1070 2607 qui
1095 2538 1275 2608 nunquam

227 2629 519 2722 apprehenderim
549 2627 647 2712 illud,
671 2630 765 2722 quod
798 2631 960 2703 Christus
989 2632 1154 2714 instituit,
1179 2633 1276 2724 quod

228 2747 333 2836 quaeri
351 2754 502 2839 oportet,
520 2747 613 2838 quod
632 2748 726 2817 credi
744 2770 888 2819 necesse
905 2755 970 2819 est.

182 2879 220 2924 20
278 2861 430 2954 Impune
452 2870 598 2945 erretur,
622 2863 688 2933 nisi
712 2862 957 2956 delinquatur:
983 2866 1143 2956 quamvis
1160 2886 1276 2935 errore
1291 2887 1377 2938 car.
1391 2887 1439 2937 xr.

228 2976 433 3069 delinquere
458 2988 534 3062 est;
559 2979 714 3072 impune,
737 2980 892 3070 inquam,
918 2989 1077 3075 vagatur,
1101 2981 1162 3071 qui
1187 2980 1275 3051 nihil

228 3090 368 3164 deserit.
419 3092 474 3166 At
490 3095 585 3166 enim
603 3095 633 3166 si
656 3096 751 3186 quod
776 3095 883 3165 debui
906 3097 1059 3178 eradere,
1077 3094 1221 3176 credidi,
1238 3105 1276 3166 et

227 3205 324 3278 aliud
342 3211 458 3282 denuo
474 3219 563 3305 puto
586 3211 845 3304 requirendum,
863 3231 966 3301 spero
984 3212 1108 3302 utique
1125 3218 1162 3280 et
1179 3210 1276 3281 eliud

227 3347 304 3396 esse
337 3327 609 3399 inveniendum:
650 3326 749 3397 nullo
786 3326 894 3396 modo
934 3336 1135 3420 speraturus
1169 3326 1274 3420 istud,

181 3443 293 3519 renisi
310 3444 394 3534 quia
409 3451 472 3515 eut
495 3467 566 3516 non
589 3444 806 3514 credideram
827 3443 888 3534 qui
910 3442 1054 3514 videbor
1075 3443 1275 3522 credidisse,

225 3566 289 3628 aut
322 3559 410 3630 desii
444 3560 643 3632 credidisse.
705 3559 764 3630 Ite
796 3557 904 3628 fidem
944 3581 1062 3629 meam
1100 3558 1274 3640 deserens

227 3683 375 3768 negator
413 3675 582 3746 invenior.
634 3674 754 3745 Semel
795 3674 955 3756 dixerim,
995 3697 1101 3744 nemo
1140 3676 1273 3766 querit,

227 3790 294 3860 nisi
319 3792 380 3882 qui
405 3799 469 3862 aut
497 3814 568 3861 non
598 3791 732 3873 habuit,
759 3799 822 3862 aut
852 3791 1015 3883 perdidit.
1068 3789 1275 3861 Perdiderat
1284 3808 1345 3859 mo.
1357 3825 1398 3860 xv.

227 3927 335 3976 unam
360 3929 407 3977 ex
437 3907 561 3978 decem
592 3905 767 3978 drachmis
792 3929 880 3978 anus
905 3905 975 3988 illa,
1006 3913 1045 3975 et
1072 3882 1153 3975 ideo
1182 3927 1275 3997 que-

179 4020 347 4099 serebat:
382 4023 443 4093 ubi
469 4031 590 4093 tamen
616 4023 761 4104 invenit,
788 4045 942 4115 quaerere
971 4019 1086 4090 desiit.
1139 4019 1273 4090 Panem
1284 4041 1391 4094 mezi.

227 4137 363 4208 vicinus
388 4160 459 4209 nou
485 4138 649 4220 habebat,
674 4153 713 4209 et
738 4138 818 4208 ideo
844 4137 1026 4230 pulsabat:
1061 4136 1122 4207 ubi
1153 4145 1274 4208 tamen

227 4261 390 4345 apertum
411 4263 466 4326 est
487 4255 530 4336 ei,
548 4263 587 4324 et
607 4254 753 4346 accepit,
775 4251 915 4345 pulsare
941 4253 1100 4322 cessavit.
1152 4251 1343 4325 Viducloe
1356 4266 1423 4314 xviii·

227 4392 249 4439 e
264 4369 387 4461 judice
404 4369 549 4462 petebat
566 4371 689 4452 audiri,
706 4369 789 4462 quia
812 4393 883 4440 non
904 4367 1178 4441 admittebatur:
1211 4371 1273 4440 sed

723 4491 781 4556 su
