3314 5190
401 478 467 545 326
798 479 830 542 S.
852 479 1091 542 CYPRIANI

402 664 509 726 lemm
529 664 560 725 et
583 655 767 752 imuqincm
791 653 862 747 pits
885 654 946 748 qui
969 652 1010 724 dc
1035 650 1117 724 coedr
1142 661 1200 724 est.
1251 651 1452 748 Imaginem

401 780 522 844 cutem
548 771 730 842 coelestem
756 777 897 865 portare
922 793 993 840 non
1019 791 1214 862 possumus,
1244 770 1310 840 nisi
1340 771 1375 840 in
1406 793 1452 841 eo

401 889 497 981 quod
522 909 599 958 esse
618 888 694 980 jum
721 887 891 979 ooepimus
913 885 1045 956 Christi
1068 884 1336 957 similitudinem
1360 909 1452 978 prae-

401 1005 560 1078 beamus.
613 1004 694 1075 Hoc
729 1012 784 1075 est
817 1005 914 1074 enim
943 1011 1099 1073 mutasse
1128 1003 1222 1094 quod
1252 1003 1377 1086 fueras,
1412 1011 1450 1072 et

401 1123 548 1214 coepisse
565 1143 641 1192 csse
658 1120 752 1213 quod
771 1143 842 1191 non
862 1142 948 1203 eras,
966 1128 1009 1189 ut
1030 1121 1068 1189 in
1085 1127 1123 1190 te
1143 1119 1263 1189 divino
1283 1120 1480 1208 nativitas5

401 1235 529 1321 luceat,
546 1245 588 1307 ut
605 1238 650 1308 ud
666 1244 804 1329 patrem
823 1235 942 1306 Deum
963 1236 1089 1308 deifica
1105 1235 1289 1328 disciplina
1307 1257 1449 1328 respon-

402 1354 495 1437 deat,
520 1362 562 1425 ut
586 1354 720 1425 bonore
745 1361 783 1423 et
807 1351 913 1424 laude
939 1353 1080 1446 viyendi
1111 1351 1210 1422 Deus
1239 1353 1276 1422 in
1305 1350 1448 1422 homine

402 1471 581 1554 clarescat,
604 1473 680 1564 ipso
705 1470 919 1541 exhortante
942 1477 980 1539 et
1005 1477 1174 1540 monente
1198 1478 1237 1539 et
1260 1469 1311 1539 eis
1333 1469 1449 1559 quise

240 1606 249 1640 ¹
319 1595 363 1643 ,n
401 1584 596 1658 clarificant
624 1587 739 1656 vicem
768 1593 931 1655 mutuom
961 1584 1161 1676 pollicente.
1212 1581 1294 1667 Eos,
1324 1583 1448 1676 inquit,

402 1701 463 1795 qui
497 1699 688 1796 clarificant
721 1724 773 1771 mc
802 1697 1020 1794 clocaflcob03
1071 1707 1103 1770 ct
1136 1700 1197 1793 qui
1236 1701 1369 1794 spernit
1397 1723 1500 1778 mem

400 1829 590 1914 prometur.
634 1818 694 1890 Ad
711 1843 818 1912 quam
839 1817 1127 1889 clarificationem
1148 1818 1302 1889 formans
1324 1840 1388 1888 nos
1407 1841 1449 1889 ac

401 1959 598 2030 praeparans
615 1937 790 2008 Dominus
807 1945 845 2006 et
866 1935 977 2005 Filius
1001 1933 1070 2006 Dei
1094 1935 1362 2006 similitudinem
1382 1933 1449 2004 Dei

403 2053 518 2125 Patris
547 2054 726 2124 insinuans
760 2054 797 2122 in
831 2050 1014 2145 evangelio
1047 2073 1112 2122 suo
1145 2050 1251 2121 dicit:
1289 2050 1451 2122 Audistis

402 2171 486 2264 quio
518 2169 648 2241 dictum
682 2179 752 2240 est:
796 2166 934 2265 Dilipcs
962 2167 1165 2262 prosimum
1200 2166 1272 2250 tibi,
1306 2177 1338 2239 et
1371 2167 1451 2240 odic

240 2301 346 2351 litov-
401 2285 537 2358 tacetis
562 2288 742 2358 inimicum
768 2283 840 2357 titi.
891 2284 968 2382 Epo
992 2293 1104 2356 autem
1134 2284 1211 2356 dico
1237 2283 1340 2368 codis,
1370 2284 1496 2373 ddi-15

396 2403 469 2500 pite
496 2402 656 2474 inimicos
679 2411 815 2484 cestros,
842 2411 873 2472 ct
896 2410 991 2472 note
1008 2425 1078 2496 pro
1103 2402 1149 2471 iis
1170 2403 1232 2496 qui
1257 2426 1315 2473 nos
1334 2425 1451 2496 perse·

400 2527 563 2613 wonder,
589 2526 627 2589 ιιι
652 2518 730 2589 sitis
745 2516 822 2611 filii
846 2516 971 2588 Putris
996 2518 1101 2589 vestri
1126 2518 1188 2612 qui
1212 2519 1251 2590 dn
1277 2517 1369 2590 coelis
1392 2529 1450 2602 est,

401 2636 463 2729 qui
484 2632 587 2706 solem
607 2657 708 2704 suum
734 2632 826 2704 oriri
840 2631 938 2728 fucit
962 2656 1066 2728 super
1090 2631 1193 2705 bonos
1218 2643 1250 2706 et
1275 2633 1391 2720 anulos,
1418 2645 1451 2706 ct

396 2744 490 2840 pluit
513 2746 746 2841 superjectus
771 2755 803 2817 ct
828 2745 981 2840 injustos.
1034 2747 1072 2818 Si
1098 2747 1300 2818 hominibus
1326 2748 1449 2818 laetum

401 2871 524 2934 estet
553 2863 745 2956 gloriosum
775 2862 866 2934 filios
896 2863 1027 2934 habere
1057 2862 1266 2947 consimiles,
1297 2873 1334 2935 et
1363 2874 1500 2936 tuncne

401 2977 514 3071 magis
538 2997 724 3070 generasse
749 2976 915 3059 delectet,
941 2978 969 3047 si
995 2977 1040 3047 ad
1065 2985 1204 3069 patrem
1227 2977 1452 3050 lineamentis

401 3093 544 3186 paribus
569 3091 708 3164 soboles
737 3092 911 3164 subsiciva
936 3093 1156 3184 respondeat,
1183 3101 1315 3184 quanto
1340 3095 1453 3186 major

402 3209 439 3277 in
457 3206 537 3278 Deo
556 3207 663 3278 Patre
679 3206 807 3278 laetitia
824 3216 879 3279 est
895 3231 978 3278 cum
995 3210 1073 3299 quis
1090 3209 1140 3278 sic
1154 3209 1359 3301 spiritaliter
1374 3233 1452 3280 nas-

403 3325 496 3394 citur
511 3332 554 3394 ut
570 3325 607 3395 in
623 3325 762 3395 actibus
778 3325 854 3417 ejus
871 3335 909 3395 et
926 3324 1089 3397 laudibus
1106 3326 1226 3396 divina
1236 3329 1452 3420 generositas

403 3439 634 3531 predicetur!
670 3440 759 3523 Quae
782 3440 935 3532 justitiae
966 3441 1084 3533 palma
1113 3451 1177 3524 est,
1205 3465 1287 3534 quae
1312 3466 1451 3527 corona,
1463 3474 1499 3534 ²⁵

254 3590 322 3639 ..ῃ
403 3576 480 3625 esse
501 3554 611 3625 talem
629 3556 674 3625 de
695 3576 765 3647 quo
789 3555 888 3626 Deus
913 3580 985 3626 non
1011 3557 1126 3628 dicat:
1157 3555 1273 3628 Filios
1290 3560 1453 3655 peroravi

403 3676 435 3740 ct
460 3666 618 3750 exaltavi,
647 3669 717 3764 ipsi
736 3679 848 3742 cutem
873 3681 1072 3766 spretorum
1094 3677 1173 3744 oze!
1204 3673 1393 3745 Collaudet
1414 3683 1452 3745 tc

403 3787 522 3878 potius
556 3786 727 3870 Christus,
762 3795 799 3856 et
838 3789 965 3859 invitet
1004 3790 1049 3859 ad
1087 3791 1274 3882 praemium
1308 3791 1451 3862 dicens:

414 3899 531 3974 Venite
555 3899 721 3973 benedicti
744 3901 868 3974 Patris
898 3904 974 3986 mci,
994 3904 1165 3999 percipite
1190 3927 1332 4002 rcpoum
1362 3905 1456 4000 qood

404 4016 496 4091 codis
507 4028 672 4113 paratum
691 4027 740 4090 cst
756 4017 797 4090 ab
814 4017 949 4117 ordqicc
966 4020 1096 4092 mundi.
1463 4047 1503 4104 30

455 4136 565 4210 VIII.
584 4136 653 4208 His
677 4137 968 4208 meditationibus
996 4139 1273 4211 corroborandus
1301 4149 1357 4210 est
1379 4145 1454 4212 ani-

403 4273 493 4332 mus,
523 4251 648 4323 fratres
677 4251 907 4334 dilectissimi,
938 4253 1109 4345 eiusmodi
1141 4255 1454 4326 exercitationibus

404 4373 527 4438 contra
548 4369 668 4438 omnia
690 4367 819 4439 diaboli
841 4368 962 4459 jacula
984 4369 1185 4440 limandus.
1237 4369 1295 4442 Sit
1317 4373 1353 4442 in
1379 4395 1454 4442 ma-
