3326 5200
414 507 480 571 244
793 508 1081 574 FIRMILIANI

415 682 575 754 ecclesiae
609 706 807 754 numerum.
869 686 941 769 Qui
975 694 1096 757 autem
1131 683 1308 777 baptisma
1340 703 1464 753 eorum

415 800 551 891 probat,
574 801 619 870 de
646 800 834 893 baptizatis
856 811 894 872 et
917 801 1103 873 ecclesiam
1134 801 1207 872 illic
1237 823 1314 872 esso
1339 799 1465 870 confir-

415 924 502 985 mat.
554 915 634 986 Nec
660 916 828 1012 intelligit
845 919 1019 989 obfuscari
1037 942 1059 989 a
1075 941 1114 988 se
1131 927 1169 988 et
1186 917 1339 1010 quodam
1356 915 1463 985 modo

416 1031 548 1102 aboleri
566 1032 777 1103 Christianae
800 1043 912 1127 petrae
931 1035 1128 1117 veritatem,
1145 1033 1204 1125 qui
1223 1033 1274 1102 sic
1291 1031 1409 1124 prodit
1425 1040 1464 1102 et

415 1149 546 1220 deserit
579 1151 767 1220 unitatem.
834 1150 981 1221 Judaeos
1015 1158 1137 1219 tamen
1171 1149 1332 1240 quamvis
1364 1149 1489 1240 igno-5

415 1267 529 1336 rantia
545 1287 655 1336 caecos
669 1274 706 1335 et
718 1268 924 1360 gravissimo
942 1267 1097 1336 facinore
1114 1266 1333 1347 constrictos,
1345 1263 1461 1333 zelum

417 1379 486 1451 Dei
503 1381 682 1474 apostolus
703 1382 834 1452 habere
852 1383 1062 1465 confitetnr;
1089 1381 1293 1474 Stephanus
1314 1381 1374 1472 qui
1399 1401 1463 1472 per

414 1499 671 1568 successionem
698 1498 903 1569 cathedram
930 1498 1028 1569 Petri
1057 1497 1188 1569 habere
1218 1520 1255 1568 se
1281 1496 1461 1590 praedicat,

413 1611 512 1683 nullo
535 1615 702 1684 adversus
726 1614 920 1684 haereticos.
936 1615 1013 1684 zelo
1040 1615 1238 1684 excitatur:
1265 1613 1462 1683 concedens

413 1728 483 1801 illis
499 1753 570 1800 non
588 1730 763 1800 modicam
784 1731 846 1800 sed
869 1733 1062 1801 maximam
1088 1731 1209 1825 gratie
1234 1737 1459 1823 potestatem,
1476 1753 1511 1794 ιο

413 1855 454 1916 ut
472 1849 568 1917 dicat
585 1871 646 1918 eos
672 1856 710 1917 et
727 1856 905 1918 asseveret
930 1870 994 1940 per
1016 1847 1182 1940 baptismi
1200 1854 1459 1917 sacramentum

412 1964 532 2034 sordes
548 1965 678 2033 veteris
702 1961 855 2034 hominis
881 1961 1035 2046 abluere,
1061 1963 1208 2055 antiqua
1228 1961 1353 2032 mortis
1378 1983 1461 2052 pec-

411 2089 492 2150 cata
517 2080 657 2162 donare,
675 2081 942 2174 regeneratione
968 2078 1103 2149 coelesti
1128 2079 1219 2149 filios
1237 2077 1306 2149 Dei
1332 2078 1458 2158 facere,

410 2195 456 2264 ad
473 2204 644 2266 aeternam
662 2197 773 2264 vitam
791 2196 901 2266 divini
918 2195 1046 2266 lavacri
1065 2194 1343 2266 sanctificatione
1360 2215 1460 2285 repa·

410 2309 498 2382 rare.
550 2313 621 2395 Qui
649 2312 698 2382 sic
721 2335 850 2406 magna
877 2320 915 2382 et
940 2312 1099 2383 coelestia
1128 2311 1284 2382 ecclesie
1311 2331 1505 2394 munerans

409 2428 586 2498 haereticis
616 2429 780 2499 concedit
805 2437 842 2499 ct
868 2429 1017 2513 tribuit3
1043 2431 1128 2522 quid
1145 2428 1242 2500 aliud
1259 2421 1334 2522 agit
1351 2449 1457 2520 quam

409 2545 648 2614 communicet
692 2545 752 2626 eis,
787 2545 914 2635 quibus
949 2552 1089 2614 tanturn
1132 2545 1254 2639 gratiae
1297 2543 1458 2614 defendit

408 2683 449 2731 ac
485 2661 671 2732 vindicat?
711 2661 760 2731 Et
794 2661 924 2731 frustra
960 2661 1037 2752 jam
1073 2659 1214 2730 dubitat
1248 2660 1285 2729 in
1321 2661 1456 2730 caeteris

408 2799 549 2868 qnoque
566 2779 765 2848 consentire
789 2779 840 2847 eis
865 2786 903 2847 et
920 2777 1096 2869 particeps
1114 2799 1210 2859 csse;
1237 2786 1279 2846 ut
1296 2785 1333 2846 et
1350 2777 1455 2846 simul

408 2915 490 2963 cum
516 2895 566 2964 eis
591 2896 788 2976 conveniat,
806 2901 843 2964 et
860 2895 1036 2964 orationes
1060 2893 1193 2985 pariter
1214 2915 1296 2964 cum
1321 2893 1506 2965 eisdem20

407 3010 564 3092 misceat,
591 3021 628 3080 et
657 3010 768 3081 altare
795 3033 836 3080 ac
864 3009 1072 3080 sacrificium
1107 3031 1296 3080 commune
1326 3011 1456 3080 consti·

407 3133 497 3195 tuat.
551 3125 622 3197 Sed
636 3127 673 3196 iu
690 3126 856 3210 multum,
874 3127 999 3218 inquit,
1017 3127 1157 3220 proficit
1173 3149 1304 3196 nomen
1323 3125 1453 3197 Christi

406 3243 452 3311 ad
469 3242 577 3311 fidem
603 3251 640 3312 et
658 3242 824 3334 baptismi
850 3243 1176 3324 sanctificationem,
1194 3251 1236 3312 ut
1253 3244 1454 3336 quicunque

406 3364 445 3424 et
473 3356 675 3447 ubicunque
709 3356 746 3426 in
776 3358 919 3427 nomine
946 3358 1078 3428 Christi
1107 3357 1308 3449 baptizatus
1334 3357 1452 3438 inerit,

406 3481 641 3563 consequatur
667 3473 788 3542 statim
818 3474 969 3566 gratiam
999 3472 1142 3544 Christi.
1187 3474 1339 3556 Quando
1368 3473 1501 3559 huic25

406 3588 485 3660 loco
514 3589 669 3658 breviter
698 3590 832 3657 occurri
861 3589 971 3680 possit
998 3597 1037 3659 et
1062 3589 1142 3671 dici,
1172 3590 1338 3680 quoniam
1365 3591 1453 3660 siin

404 3706 548 3774 nomine
576 3703 707 3773 Christi
742 3703 856 3773 valuit
882 3703 966 3775 foris
992 3705 1170 3798 baptisma
1198 3708 1242 3776 ad
1270 3707 1452 3778 hominem

404 3821 637 3913 purgandum,
665 3821 702 3888 in
728 3820 885 3911 ejusdem
913 3818 1045 3889 Christi
1071 3822 1215 3891 nomine
1237 3821 1354 3892 valere
1379 3821 1452 3892 illic

405 3939 523 4028 potuit
539 3946 576 4006 et
594 3959 720 4006 manus
737 3937 915 4029 impositio
938 3937 982 4006 ad
1009 3939 1254 4028 accipiendum
1278 3939 1452 4031 Spiritum

406 4051 589 4123 Sanctum.
641 4053 690 4123 Et
718 4054 887 4145 incipient
912 4062 1044 4123 caetera
1072 4077 1222 4145 quoque,
1249 4079 1330 4146 quae
1357 4056 1451 4146 apud
1462 4083 1503 4140 30

404 4167 591 4240 haereticos
614 4179 777 4263 aguntur,
794 4171 894 4262 justa
913 4181 951 4241 et
977 4171 1138 4264 legitima
1161 4172 1281 4252 videri,
1310 4173 1452 4263 qnando

404 4285 607 4356 innomine
633 4286 764 4356 Christi
790 4296 976 4379 gerentum
1003 4287 1196 4359 secundum
1223 4288 1315 4379 quod
1335 4311 1397 4358 vos
1413 4289 1451 4358 in

403 4401 551 4493 epistola
579 4413 694 4473 vestra
723 4405 882 4472 exsecuti
914 4406 1019 4474 estis:
1047 4407 1207 4475 nonnisi
1240 4405 1275 4474 in
1302 4405 1452 4477 ecclesia
