3316 5198
587 737 863 812 ADVERSUS

262 985 466 1069 OMNES
497 987 853 1072 HAERETICOS
883 988 1183 1074 LIBELLUS.

610 1255 831 1285 '‘⁹4‘'-

283 1448 475 1520 UORUM
516 1449 775 1532 haereticorum,
809 1459 852 1520 ut
885 1449 987 1545 plura
1028 1463 1247 1545 praeteream,
1279 1467 1354 1518 cnr.
1369 1468 1388 1515 r.

305 1588 418 1659 pauca
459 1566 702 1658 perstringam.
777 1563 892 1638 Taceo
936 1569 1032 1640 enim
1073 1569 1248 1642 Judaismi

173 1681 412 1764 shaereticos3
448 1679 671 1762 Dositheum‚
701 1681 856 1773 inquam,
887 1682 1160 1769 Samaritanum,
1188 1687 1248 1778 qui

201 1797 336 1890 primus
364 1818 469 1867 ausus
498 1804 554 1868 est
579 1796 780 1888 prophetas,
810 1800 909 1890 quasi
943 1823 1015 1870 non
1048 1802 1085 1871 in
1113 1801 1249 1894 Spiritu

203 1911 339 1984 Sanctu
368 1911 516 1995 locutos,
543 1913 737 2005 repudiare.
789 1911 904 1985 Taceo
932 1913 1157 2000 Sadducaeos,
1188 1919 1249 2009 qui

203 2051 250 2102 ex
275 2029 379 2122 hujus
404 2031 529 2100 erroris
551 2029 669 2100 radice
691 2037 885 2122 surgentes,
902 2032 978 2102 ausi
995 2041 1079 2102 sunt
1096 2033 1141 2102 ad
1158 2033 1250 2103 hanc

202 2145 366 2216 haeresim
383 2145 490 2215 etiam
508 2145 800 2214 resurrectionem
826 2147 940 2216 carnis
962 2169 1101 2240 negare.
1155 2146 1251 2220 Prae-

162 2262 365 2332 ¹0termitto
394 2259 600 2342 Pharisaeos,
628 2261 688 2350 qui
715 2261 959 2332 additamenta
984 2262 1148 2353 quaedam
1178 2262 1247 2357 legi

203 2376 417 2447 odstmendo
442 2399 464 2448 a
489 2376 627 2448 Judaeis
656 2377 758 2448 divisi
789 2385 891 2448 mint:
917 2377 1012 2448 unde
1042 2379 1152 2450 etiam
1180 2379 1250 2451 hoc

203 2495 362 2586 accipere
388 2495 502 2587 ipsum
530 2494 625 2585 quod
648 2493 782 2565 habent
804 2516 945 2578 nomen,
963 2496 1061 2590 digni
1087 2496 1252 2580 fuerunt;

204 2633 286 2684 cum
311 2610 366 2680 his
391 2611 500 2680 etiarn
524 2608 756 2693 Herodianos,
780 2611 841 2702 qui
867 2608 1050 2683 Christum
1069 2611 1253 2683 Herodem

203 2749 280 2798 esse
296 2727 476 2800 dixemnt.

162 2859 193 2920 Ι5
254 2842 316 2914 Ad
341 2865 401 2914 eos
430 2867 490 2914 me
519 2851 697 2928 converto,
725 2845 786 2936 qui
812 2865 859 2916 ex
884 2842 1069 2936 evangelio
1092 2845 1250 2916 haeretici
1268 2856 1404 2908 cest-1¹·

203 2981 281 3030 esse
299 2958 506 3043 voluerunt3
523 2982 569 3029 ex
587 2960 714 3052 quibus
731 2968 786 3030 est
798 2960 932 3052 primus
949 2960 1108 3030 omnium
1127 2959 1251 3032 Simon

206 3074 347 3170 Magus,
365 3078 426 3168 qni
443 3077 480 3146 in
497 3075 602 3146 Actis
618 3073 874 3168 Apostolorum
891 3075 1103 3168 condignam
1121 3079 1252 3148 meruit

204 3190 250 3266 ab
267 3191 427 3283 apostolo
445 3190 553 3262 Petro
564 3191 770 3282 justamque
787 3190 1012 3259 sententiam.
1057 3189 1129 3259 Hic
1146 3212 1252 3262 ausus
1294 3252 1297 3258 .

204 3314 259 3376 est
289 3328 464 3376 summam
491 3327 529 3376 se
559 3307 676 3376 dicere
705 3307 885 3388 virtutem,
914 3304 951 3374 id
980 3311 1044 3386 est,
1072 3327 1251 3376 summum

160 3444 197 3482 20
206 3420 340 3492 Deum:
357 3421 531 3492 mundum
548 3430 669 3492 autern
683 3421 728 3492 ab
741 3419 875 3514 angelis
888 3421 959 3491 suis
972 3422 1193 3492 institutum:
1211 3445 1252 3492 ac

205 3536 370 3607 daemone
386 3559 424 3607 se
442 3536 627 3608 oberrante
646 3534 739 3631 (sor.
757 3559 859 3607 aeone
882 3559 958 3608 ase
975 3537 1175 3630 aberrante)
1193 3539 1254 3628 qui

206 3661 300 3724 esset
317 3653 497 3745 sapientia,
515 3653 737 3724 descendisse
754 3653 984 3745 quaerendum
1003 3651 1096 3747 (sor.
1110 3655 1255 3724 descen·

207 3767 299 3839 disse
325 3791 363 3839 se
388 3769 432 3839 ad
458 3769 721 3862 quaerendum):
748 3768 841 3860 apud
858 3767 1002 3840 Judaeos
1027 3791 1066 3839 se
1090 3770 1128 3838 in
1144 3767 1255 3859 phan-

207 3891 358 3954 tasmate
376 3884 446 3955 Dei
463 3882 556 3979 (sor.
574 3883 709 3974 Deum)
727 3907 799 3954 non
815 3906 967 3976 passum,
983 3885 1045 3954 scd
1063 3905 1139 3954 esse
1156 3883 1254 3974 quasi

162 4015 358 4092 aspassum.
428 3999 515 4072 Post
548 4001 643 4072 huuc
679 3998 878 4070 Menander
911 3999 1103 4093 discipulus
1137 3999 1254 4091 ipsius,

208 4116 370 4187 similiter
402 4139 536 4210 magus,
571 4118 696 4188 eadem
740 4116 860 4186 dicens
898 4139 976 4208 qnae
1011 4115 1136 4186 Simon
1169 4117 1254 4206 ipse.

209 4231 386 4324 Quicquid
412 4255 449 4303 sc
480 4233 605 4304 Simon
627 4233 776 4315 dixerat,
798 4230 866 4300 hoc
892 4254 930 4301 se
955 4231 1155 4302 Menander
1180 4253 1256 4300 esse

209 4346 358 4429 dicebat,
394 4369 526 4440 negans
555 4348 686 4418 habere
715 4369 818 4440 posse
845 4368 1059 4438 quemquam
1094 4345 1255 4425 salutem

722 4485 746 4532 r
