3316 5198
389 456 453 522 158
742 455 1082 522 TERTULLIANI

388 629 488 702 nulla
503 637 568 713 est
585 631 713 700 merito
731 639 769 702 et
786 629 867 700 talis
884 628 1069 724 disciplina
1085 638 1150 702 est.
1175 628 1230 699 At
1247 629 1309 700 ubi
1328 627 1438 713 Deus,

388 747 439 817 ibi
456 755 575 818 metus
590 747 629 818 in
647 745 776 829 Deum,
794 747 855 838 qui
880 755 935 818 eat
952 747 1094 816 initium
1117 747 1310 837 sapientiae.
1364 743 1438 816 Ubi

389 869 508 934 metus
536 861 574 932 in
598 861 728 944 Demn,
752 862 801 932 ibi
826 863 980 956 gravitas
1009 862 1167 945 honesta,
1193 869 1231 932 et
1255 861 1440 956 diligentia

390 979 561 1060 adtonita¹
587 987 626 1049 et
648 1001 733 1049 cura
758 977 919 1061 sollicita,
941 988 980 1050 et
1002 977 1155 1050 adlectio
1185 978 1379 1071 explorata,
1401 988 1439 1050 et

390 1095 665 1166 communicatio
693 1094 896 1178 deliberata,
927 1103 965 1166 ct
998 1096 1174 1188 promotio
1207 1097 1368 1178 emerita,
1401 1104 1464 1174 ets

391 1210 564 1303 subjectio
590 1211 762 1306 religiosa,
784 1221 822 1284 et
842 1213 1014 1305 apparitio
1041 1213 1180 1294 devota,
1204 1219 1242 1282 et
1263 1211 1438 1305 processio

391 1328 563 1411 modesto,
580 1336 619 1398 et
635 1328 785 1400 ecclesia
800 1331 911 1412 unita,
929 1327 1054 1399 et‘Dei
1072 1329 1201 1400 omnia.

263 1453 349 1502 CAP·
443 1443 597 1516 Proinde
613 1445 693 1516 haec
717 1445 897 1538 pressioris
920 1444 1014 1536 apud
1036 1465 1100 1516 nos
1117 1444 1322 1514 testimonie
1337 1444 1441 1514 disci-

258 1518 355 1568 fflv'
391 1559 500 1653 plinae
534 1560 580 1632 od
612 1561 856 1653 probationem
885 1561 1044 1632 veritatis
1076 1561 1278 1632 accedunt:
1315 1584 1339 1630 a
1371 1583 1440 1652 qua

392 1679 576 1748 devertere
616 1678 749 1750 nemini
784 1677 939 1770 expedit,
982 1677 1043 1769 qui
1085 1677 1287 1748 meminerit
1328 1676 1439 1747 futuri
1453 1699 1489 1740 ιο

385 1793 524 1886 judicii,
557 1815 628 1884 quo
662 1815 785 1864 omnes
818 1814 882 1863 nos
916 1815 1060 1864 necessa
1094 1801 1149 1862 est
1178 1794 1273 1887 apud
1308 1785 1439 1864 Christi

392 1908 547 1981 tribunal
565 1909 714 1992 adstare,
732 1909 921 1982 reddentes
938 1910 1111 1980 rationem
1134 1910 1172 1979 in
1194 1910 1315 2002 primis
1332 1911 1440 2002 ipsius

392 2027 486 2100 fidei.
555 2026 651 2111 Quid
685 2049 769 2122 ergo
803 2027 934 2108 dicent,
968 2027 1026 2117 qui
1068 2024 1165 2094 illam
1204 2028 1441 2118 stupraverint

392 2142 567 2216 adulterio
601 2143 772 2214 haeretico
808 2143 979 2235 virginem
1013 2143 1180 2212 traditam
1214 2165 1235 2211 a
1269 2141 1441 2212 Christo?

393 2259 509 2330 Credo
534 2257 750 2352 allegabunt,
773 2257 862 2328 nihil
887 2281 1044 2350 unquam
1069 2257 1135 2328 sibi
1160 2257 1206 2329 ab
1232 2256 1294 2328 illo
1316 2256 1373 2328 vel
1395 2257 1487 2344 ab15

392 2374 560 2467 apostolis
586 2375 671 2466 ejus,
698 2375 743 2446 de
766 2376 872 2446 saeris
889 2371 983 2469 (sor.
1001 2376 1125 2445 scaevis
1141 2372 1290 2468 Jrcnius)
1309 2383 1346 2445 et
1363 2397 1441 2467 pcr-

393 2491 502 2562 versis
518 2489 687 2560 doctrinis
705 2491 833 2562 futuris
854 2492 1141 2582 prenuntiatum.
1159 2500 1197 2560 et
1214 2491 1259 2560 de
1276 2491 1441 2562 cavendis

392 2606 706 2698 abominandisque
735 2614 965 2699 praeceptum.
1017 2606 1225 2701 Agnoscent
1251 2629 1351 2678 suam
1380 2631 1444 2700 po·

393 2724 465 2794 tius
504 2723 655 2815 culpam,
694 2745 801 2814 quam
839 2720 980 2791 illorum
1019 2724 1079 2814 qui
1117 2746 1181 2793 nos
1215 2731 1316 2792 tanto
1358 2732 1442 2793 ante

392 2847 684 2933 praestmxenmt.
736 2837 919 2932 Adjicient
935 2847 1105 2932 praeterea
1129 2839 1243 2909 multa
1259 2841 1304 2909 de
1320 2849 1442 2910 aucto-
1453 2862 1491 2901 20

393 2955 499 3024 ritate
532 2955 703 3046 cujusque
741 2955 894 3025 doctoris
933 2954 1122 3038 haeretici3
1163 2955 1243 3026 illos
1284 2956 1442 3026 maxime

393 3071 565 3142 doctrinae
588 3093 663 3142 suae
687 3071 796 3142 iidem
819 3071 1053 3154 confirmasse,
1070 3079 1229 3142 mortuos
1247 3073 1442 3154 suscitasse,

394 3188 529 3259 debiles
562 3188 780 3271 refonnaase,
813 3187 935 3257 futura
968 3187 1191 3281 significasse,
1226 3189 1280 3257 nti
1314 3189 1442 3257 merito

262 3342 277 3376 a
301 3325 385 3375 ‚nia
394 3303 543 3396 apostoli
575 3303 813 3374 crederentur.
863 3302 973 3387 Quasi
1003 3327 1069 3374 nec
1098 3303 1168 3374 hoc
1188 3305 1359 3396 scriptum
1386 3304 1443 3386 sit,

397 3430 564 3492 venturos
576 3420 718 3502 multos,
732 3422 793 3513 qui
806 3421 915 3490 etiam
930 3421 1081 3489 virtutes
1096 3421 1270 3490 maximas
1287 3420 1443 3500 ederent,
1455 3444 1491 3504 25

396 3537 442 3608 ad
484 3536 660 3608 fallaciam
698 3537 928 3607 muniendam
966 3543 1141 3628 eonnptae
1178 3536 1444 3628 predicationis

395 3653 523 3744 Itaque
563 3654 703 3723 veniam
742 3652 995 3724 merebuntur:
1044 3654 1105 3744 qui
1142 3676 1226 3722 vero
1268 3673 1443 3722 memores

396 3766 663 3840 Dominicarum
690 3775 728 3838 at
754 3769 1025 3860 apostolicarum
1060 3768 1373 3839 denunciationum
1407 3769 1445 3838 in

394 3883 466 3956 fide
482 3885 610 3978 integri
628 3884 804 3967 steterint,
821 3885 927 3956 credo
951 3885 996 3954 da
1014 3887 1116 3955 venia
1141 3882 1444 3976 periclitabuntur,

230 4017 282 4067 uu
292 4031 359 4080 supr.
394 4002 630 4093 respondente
647 3999 822 4072 Domino:
848 3999 1169 4071 Praenuntiaveram
1185 3999 1290 4092 plane
1308 3999 1445 4070 futuros
1454 4023 1495 4082 30

397 4115 548 4190 fallaciae
572 4116 758 4210 magistros
780 4117 819 4188 in
844 4139 925 4188 meo
948 4117 1102 4198 nomine,
1130 4125 1168 4187 et
1193 4115 1444 4208 prophetarum

397 4242 435 4306 et
465 4232 704 4325 apostolorum
733 4231 862 4316 etlam;
887 4242 926 4304 et
956 4233 1173 4304 discentibus
1202 4234 1290 4303 meis
1320 4233 1445 4303 eadem

233 4352 310 4472 {bb
397 4349 443 4420 ad
470 4371 532 4420 roa
556 4349 754 4452 praedicarc
782 4349 1056 4432 mandaveram
1081 4347 1192 4419 semel
1221 4346 1444 4442 evangelium
