3316 5198
268 4298 354 4350 GAP.

272 4365 348 4416 XIX.

233 4433 272 4482 De
283 4429 371 4482 Statio·

232 4499 312 4547 nibus.

392 473 456 538 112
744 473 1087 538 'PERTULLIANI

393 647 493 720 Deus
514 658 636 721 autem
658 671 731 720 nou
754 650 859 732 vocis,
877 650 939 720 sed
962 648 1077 719 cordis
1100 648 1241 718 auditor
1264 656 1330 732 est,
1347 649 1440 719 sicut

392 773 610 858 conspector.
657 764 882 837 Daemonium
905 764 1036 836 oraculi
1060 763 1201 858 Pythii:
1227 763 1277 836 Et
1297 773 1439 847 matum,

392 883 517 975 inquit,
536 880 687 979 intellipo
705 891 736 953 ct
753 905 821 954 non
839 879 1026 977 hqueotcm
1043 878 1203 951 arcudio.
1252 878 1321 950 Dei
1339 903 1440 950 aures

392 1021 519 1069 sonum
545 1000 760 1093 expectant?
796 1000 984 1084 Quomodo
1012 1021 1096 1091 ergo
1124 998 1237 1068 oratio
1263 997 1365 1067 Jonas
1396 998 1441 1068 de

393 1125 518 1186 ventre
535 1117 605 1186 ceti
623 1140 686 1210 per
703 1125 811 1188 tanta
834 1116 955 1187 bestiae
977 1116 1119 1197 viscera,
1137 1113 1183 1185 ab
1207 1115 1290 1207 ipsis
1307 1112 1441 1205 abyssis
1451 1139 1468 1197 5

392 1255 457 1326 per
482 1241 619 1302 tantam
646 1234 793 1325 aequoris
819 1231 952 1302 molem
982 1233 1027 1302 ad
1055 1230 1185 1302 coelum
1212 1230 1330 1322 potuit
1361 1252 1442 1299 eva·

395 1348 501 1419 dere?
529 1348 624 1432 Quid
642 1348 793 1441 amplius
811 1349 964 1419 referent
981 1349 1050 1430 isti,
1069 1348 1129 1439 qui
1143 1346 1269 1416 clarius
1282 1346 1440 1428 adorant,

395 1466 461 1534 nisi
479 1465 573 1557 quod
590 1465 759 1557 proximis
779 1463 1012 1555 obstrepunt?
1044 1462 1123 1532 Imo
1146 1462 1327 1555 prodendo
1351 1462 1442 1554 peti·

394 1583 510 1652 tiones
532 1604 622 1664 suas,
640 1581 724 1673 quid
747 1581 864 1650 minus
887 1580 1031 1661 faciunt,
1053 1601 1159 1671 quam
1185 1579 1214 1648 si
1238 1579 1275 1646 in
1297 1576 1440 1668 publico

396 1697 525 1768 orent?
1456 1720 1490 1760 ιο

447 1813 532 1883 Alia
550 1815 627 1906 jam
651 1813 870 1883 consuetudo
893 1811 1063 1896 invaluit3
1084 1812 1297 1904 jejunantes,
1320 1809 1442 1880 habita

398 1933 555 2002 oratione
585 1955 667 2002 cum
698 1931 873 2012 fratribus,
903 1929 1116 1998 subtrahunt
1146 1926 1306 1998 osculum
1337 1929 1441 2019 pacis,

397 2048 490 2140 quod
508 2057 563 2118 est
580 2047 800 2141 signaculum
819 2047 995 2116 orationis.
1031 2044 1182 2129 Quando
1195 2053 1316 2114 autem
1330 2044 1442 2137 magis

396 2165 608 2235 conferenda
632 2187 715 2234 cum
739 2164 905 2233 fratribus
927 2185 997 2255 pax
1021 2170 1085 2244 est,
1108 2162 1174 2232 nisi
1196 2184 1307 2252 quum
1330 2160 1442 2229 oratio

397 2278 710 2351 commendabilior
736 2280 903 2362 ascendit,
932 2287 973 2348 ut
1003 2280 1068 2371 ipsi
1100 2279 1144 2348 dc
1171 2286 1292 2347 nostra
1322 2299 1489 2368 opera-15

397 2397 494 2466 tione
524 2396 720 2489 participes
752 2396 828 2487 jam
863 2395 1017 2466 audeant
1047 2395 1091 2464 de
1126 2418 1189 2464 sua
1222 2416 1309 2486 pace
1343 2393 1442 2462 fratri

396 2513 613 2606 transigere?
651 2512 739 2596 Qua*
765 2513 876 2583 oratio
902 2535 984 2582 cum
1012 2512 1163 2581 divortio
1193 2511 1305 2581 sancti
1332 2508 1442 2580 osculi

381 2630 557 2726 integra?
587 2651 693 2721 quem
721 2627 875 2698 Domino
902 2629 1057 2698 officium
1079 2629 1269 2698 facientem
1293 2628 1442 2719 impedit

396 2745 490 2838 pax?
521 2743 625 2837 quale
652 2745 861 2815 sacrificium
890 2752 954 2826 est,
985 2767 1006 2814 a
1033 2768 1104 2836 quo
1130 2745 1204 2813 sine
1232 2766 1319 2835 pace
1348 2765 1445 2813 rece-

396 2861 516 2932 ditur?
542 2861 784 2954 Quacumque
802 2863 958 2954 operatio
976 2863 1031 2942 sit,
1050 2884 1121 2930 uon
1138 2862 1206 2930 erit
1223 2861 1339 2952 potior
1358 2881 1493 2951 pra-20

397 2979 490 3071 cepti
505 2978 757 3060 observatione,
772 3001 842 3070 quo
854 2977 1025 3069 jubemur
1035 2978 1172 3070 jejunia
1184 2986 1304 3046 nostra
1316 2975 1442 3046 celare.

396 3094 479 3164 Jam
515 3095 609 3164 enim
639 3095 685 3164 de
718 3093 933 3164 abstinentia
962 3092 1072 3162 osculi
1102 3091 1325 3185 agnoscimur
1351 3091 1445 3180 jeju-

397 3219 533 3281 nantes.
589 3209 661 3280 Sed
691 3218 729 3279 et
763 3211 791 3280 si
821 3233 891 3302 qua
916 3211 1006 3279 ratio
1037 3217 1100 3289 est,
1132 3232 1177 3278 ne
1207 3217 1328 3276 tamen
1361 3206 1444 3276 huic

396 3335 573 3421 praecepto
598 3350 678 3398 reus
709 3328 765 3409 sis,
791 3336 892 3420 potes
918 3327 1024 3408 domi,
1051 3327 1079 3396 si
1106 3325 1208 3406 forte,
1235 3325 1328 3394 inter
1357 3345 1445 3415 quos

397 3445 508 3515 latere
522 3445 698 3536 jejunium
723 3446 760 3513 in
783 3452 900 3513 totum
924 3466 995 3512 non
1018 3444 1131 3524 datur,
1150 3439 1288 3510 differre
1309 3463 1492 3532 pacem‚25

397 3563 612 3653 ubicumque
637 3568 758 3630 autem
784 3559 868 3628 alibi
900 3559 1142 3650 operationem
1168 3565 1268 3626 tuam
1298 3555 1446 3626 abscon·

398 3679 481 3749 dere
502 3686 613 3772 potes,
638 3677 746 3748 debes
771 3675 973 3745 meminisse
996 3675 1182 3766 praecepti:
1208 3674 1320 3742 itaet
1343 3672 1446 3742 disci·

397 3795 501 3891 plinae
518 3795 611 3877 foris,
630 3803 667 3864 et
686 3793 932 3863 consuetudini
957 3791 1054 3860 domi
1078 3789 1279 3860 satisfacies.
1324 3787 1384 3859 Sic
1407 3797 1445 3858 et

398 3915 455 3984 die
480 3911 627 4006 paschae,
650 3934 721 4003 quo
742 3910 940 3980 communis
968 3915 1005 3978 et
1031 3909 1131 4000 quasi
1156 3905 1298 3999 publica
1317 3905 1445 3998 jejunii

398 4030 520 4125 religio
538 4037 602 4111 est,
620 4029 747 4098 merito
765 4027 974 4118 deponimus
991 4025 1161 4106 osculum,
1179 4021 1268 4092 nihil
1281 4031 1445 4092 curantes
1455 4057 1494 4113 30

400 4145 444 4216 de
462 4144 672 4216 occultando
690 4145 784 4236 quod
803 4167 884 4213 cum
903 4142 1067 4212 omnibus
1085 4141 1265 4211 faciamus.

452 4261 623 4332 Similiter
648 4271 686 4333 et
711 4262 905 4331 stationum
937 4259 1061 4328 diebus
1091 4281 1162 4327 non
1187 4262 1316 4348 putant
1341 4252 1447 4345 pleri-

400 4399 469 4470 que
495 4377 742 4447 sacrificiorum
768 4375 985 4446 orationibus
1010 4371 1327 4452 interveniendum,
1351 4369 1445 4461 quod
