3326 5200
328 501 379 566 IN
401 501 746 568 TERTULLIANI
771 502 834 566 DE
855 503 1116 569 ORATIONE.
1183 505 1247 568 185

198 681 248 738 eat
263 673 378 759 capitis
391 673 530 753 nuditus,
546 674 602 738 aed
616 674 781 739 mouendae
796 679 933 754 tantum,
949 682 987 740 ut
1006 676 1137 742 meliora
1156 676 1248 741 dioci-

198 759 292 844 plinae
312 758 443 824 consilia
462 760 705 846 amplectantur,
722 760 865 844 quamvis
884 783 918 825 ae
937 761 1073 848 virginee
1086 761 1246 827 interdum

198 846 403 910 mentiantur.
450 845 641 910 Mondoaum
663 847 803 912 codicem
817 846 975 932 explicare
994 846 1155 932 permolor
1173 870 1246 912 oon·

195 932 338 1016 jacturae
352 931 502 1018 cogimur.
534 932 714 996 Munnmru.
759 932 956 997 Voluotoriae
974 932 1168 1019 interpretor
1187 955 1247 1020 ego

198 1017 335 1104 virgines
348 1017 489 1083 volentes
504 1018 609 1096 velari,
626 1041 697 1103 quae
717 1041 751 1084 ae
771 1019 869 1084 etiam
887 1019 1024 1105 virginee
1041 1041 1111 1085 eaeo
1130 1041 1247 1106 negare

250 1113 329 1180 aaa,
355 1103 402 1169 ita
423 1103 507 1168 enim
529 1105 728 1169 scribendum
754 1113 843 1190 puto,
865 1105 1089 1192 internuptae
1113 1106 1243 1182 celutae;

222 1211 259 1254 oc
280 1189 376 1254 modo
396 1189 537 1277 ingloriae
558 1198 592 1255 et
611 1191 800 1268 obscuratae,
816 1191 1010 1256 conscientia
1026 1213 1101 1256 vero
1120 1191 1168 1256 vir
1191 1192 1246 1256 'ni-

198 1276 278 1340 tatis
292 1297 357 1341 euoe
380 1277 466 1361 apud
488 1277 592 1342 Deum
614 1285 784 1342 contenta.
829 1276 888 1342 Ait
906 1286 1020 1342 auctor
1038 1299 1143 1364 supra,
1194 1301 1246 1344 coc

197 1362 337 1426 martirio
349 1371 486 1448 coaptem,
498 1364 527 1426 oi
540 1373 632 1449 copta
646 1363 730 1428 colea
755 1363 883 1428 Interea
897 1386 956 1449 pro
967 1364 1096 1429 vocibus
1109 1366 1144 1429 ιἰι
1150 1366 1245 1449 fumo

198 1533 241 1598 a
276 1449 665 1600 lttttllttltl
680 1449 1097 1621 diffieiliddlim
1113 1452 1245 1602 till?

198 1621 285 1685 venit
299 1641 370 1684 oum
388 1621 458 1698 illis,
473 1643 537 1686 ruo
550 1622 737 1688 comcioatiae
751 1621 839 1706 opud
850 1622 953 1686 Dema
971 1623 1140 1701 amau,
1156 1624 1245 1709 Apo·

197 1705 271 1770 stoli
285 1706 363 1770 illud
374 1708 462 1771 Rom.
475 1708 536 1772 xiv.
554 1727 605 1774 22.

242 1791 281 1855 P.
298 1808 370 1875 117.
395 1794 416 1856 l.
439 1813 488 1858 ιι.
511 1800 639 1859 tantum
661 1793 777 1858 notitia
799 1793 867 1878 ejus
887 1793 1034 1859 nubendo
1055 1793 1161 1858 velata
1178 1793 1242 1876 eut]

198 1877 332 1943 Sensum
346 1879 407 1944 loci
421 1881 594 1944 ostendunt
613 1880 710 1944 verba
724 1878 911 1944 Tertulliani
931 1880 964 1942 in
983 1879 1064 1944 libro
1078 1878 1117 1943 de
1143 1880 1245 1964 Viryir

196 1964 286 2028 uideo
319 1965 464 2030 Vedradde
492 1987 562 2051 cap.
582 1985 630 2030 11.
677 1965 814 2030 emeda
840 1966 922 2030 mim
944 1967 1037 2030 arom
1058 1967 1183 2050 nuptiae
1207 1965 1245 2029 dc

197 2059 318 2134 otperto
332 2061 360 2115 ot
373 2052 567 2134 ouinwflm',
582 2051 834 2137 qeoevaodmodmn
847 2061 964 2136 domm,
979 2052 1043 2116 ιιίιιῗ
1059 2051 1140 2137 quod
1151 2051 1245 2116 etiam

197 2135 360 2200 Radcccom
374 2138 501 2223 quidum
518 2138 618 2202 odico
637 2138 747 2202 volout.
793 2137 861 2202 Ubi
880 2137 998 2222 optime
1017 2138 1192 2202 adnotatur
1210 2137 1244 2202 in

198 2222 273 2286 edit.
304 2222 447 2301 Halensi
479 2231 498 2260 ‘⁶
508 2223 695 2298 Rebeccam,
725 2223 879 2309 virginem
905 2224 1151 2308 desponsatam
1187 2223 1243 2288 sed

197 2308 325 2458 Heliam
340 2331 403 2374 non
418 2309 555 2376 velant.”
591 2309 740 2375 Nolendo
758 2309 913 2387 hocloco,
929 2317 966 2374 ut
985 2309 1128 2387 nuberet,
1149 2309 1244 2396 signi-

220 2401 282 2459 cat.

232 2481 324 2630 llbid.
351 2482 371 2544 l.
385 2483 435 2545 26.
460 2503 604 2547 causeam
628 2482 729 2567 dicat]
756 2481 802 2546 H.
822 2504 850 2547 e.
875 2481 1028 2567 culpetur,
1055 2481 1244 2567 reprehendi

196 2588 232 2631 ao
243 2574 306 2632 eat.

241 2653 323 2718 lbid.
338 2652 360 2716 l.
374 2671 426 2739 29.
445 2653 513 2718 uolo
527 2654 578 2719 die
593 2653 760 2718 Dominioo
779 2651 1033 2740 resurrectionis]
1060 2653 1243 2754 Legendum

196 2740 377 2804 Durnium
411 2739 563 2806 Demere
582 2740 652 2826 ipso
670 2739 785 2804 videsis
803 2747 914 2806 uotam
928 2740 971 2804 ad
986 2739 1018 2804 S.
1036 2739 1126 2804 Petri
1146 2739 1243 2803 Alex·

196 2824 322 2890 andrini
337 2826 498 2891 Cononem
513 2826 571 2891 ult.
587 2827 620 2890 in
635 2825 694 2890 vol.
710 2825 775 2889 lll.
793 2827 865 2890 loc·
884 2826 967 2890 aior.
981 2827 1070 2890 soor.

241 2912 323 2977 lbid.
339 2911 359 2975 l.
398 2931 429 2977 0.
449 2912 504 2976 aed
526 2912 612 2976 omni
631 2911 804 2977 anxietatis
822 2911 865 2976 ha
887 2911 949 2995 itu]
972 2911 1155 2976 Desiderari
1173 2911 1244 2976 heio

197 2999 327 3062 verbum
428 2999 504 3062 'aare
526 2997 603 3062 mihi
627 2998 761 3063 videtur.
807 2998 912 3079 Quum
936 3019 1021 3083 genu
1045 2996 1182 3074 flectcre,
1209 3003 1243 3061 et

193 3083 347 3168 jejunare,
357 3083 544 3150 moeatitiam
554 3091 652 3169 atque
662 3083 885 3170 pmnitcntiam
895 3083 1064 3168 spirarent,
1076 3081 1243 3148 Dominico

197 3169 257 3244 die.
273 3191 386 3256 nempe
405 3169 610 3236 exultationis
627 3169 688 3248 die,
704 3169 927 3234 abstinendum
945 3168 987 3233 ab
1007 3189 1046 3232 eo
1064 3189 1152 3232 more
1171 3168 1242 3232 fuit.

198 3255 379 3320 Memnoni.
425 3256 507 3322 Mihi
530 3256 666 3341 quidem,
681 3277 788 3320 vocem
810 3255 904 3338 officio
925 3275 984 3339 pro
1004 3255 1103 3337 allicio
1128 3253 1244 3318 subati-

196 3343 309 3412 tuenti
324 3343 444 3407 nullum
458 3343 588 3407 verbum
603 3341 775 3408 desiderari
790 3341 850 3406 hoc
864 3341 933 3404 loco
947 3339 1082 3404 videtur.

241 3429 321 3493 lbid.
339 3429 359 3492 l.
371 3448 423 3514 33.
439 3451 510 3514 quae
525 3429 636 3494 eadem
651 3427 857 3494 exultationis
871 3425 1137 3491 solemnitatemd
1187 3447 1242 3490 un·

195 3513 315 3604 gimur]
337 3515 484 3580 Diximus
499 3523 533 3581 et
548 3515 581 3579 in
596 3515 787 3580 Pentecoste
801 3535 905 3601 genua
919 3535 984 3577 uon
997 3511 1122 3576 flexisse
1137 3449 1243 3577 dina

197 3600 312 3666 tianoa.
356 3601 470 3667 Nescio
491 3623 533 3666 au
555 3601 742 3687 legendum:
770 3623 837 3686 quw
858 3599 962 3665 eodem
983 3598 1176 3663 munuae
1199 3619 1243 3662 oo·

195 3686 335 3752 emota
348 3697 399 3766 cet,
414 3687 634 3773 deopooyimaoe.
666 3687 704 3750 ln
718 3686 770 3751 lib.
787 3687 827 3752 do
842 3686 1006 3752 Patientia
1024 3685 1171 3770 mpuacd
1184 3706 1243 3770 pro

189 3773 339 3858 prandit
353 3781 540 3860 usurpatum
555 3780 604 3838 eat
623 3795 644 3838 a
658 3773 854 3838 Tertulliano
867 3799 875 3847 ;
902 3779 935 3837 ot
953 3772 1116 3856 duptam
1129 3781 1171 3835 eet
1184 3792 1244 3855 pro

195 3857 331 3923 odmlato
345 3882 414 3946 cap.
427 3881 458 3945 5.
474 3861 514 3924 de
534 3860 638 3925 Oarne
658 3859 798 3932 Olrriati3
822 3867 856 3924 at
874 3867 1020 3944 opimone
1034 3879 1093 3943 pro
1105 3857 1245 3943 perficiet

195 3945 229 4009 in
243 3945 296 4011 lib.
312 3946 353 4011 de
367 3946 495 4010 Resurr.
511 3945 633 4012 (lamia.
677 3945 717 4009 lu
731 3945 784 4009 lib.
802 3945 899 4011 etiam
919 3944 1070 4008 adversus
1089 3942 1241 4007 Judaeoa:

196 4031 316 4116 Itaque,
339 4032 396 4110 ait,
420 4033 639 4118 diapuoyomtu
660 4031 797 4095 ordinem
822 4041 957 4118 emptura,
984 4029 1044 4094 hoc
1070 4036 1129 4103 ost,
1151 4027 1245 4092 adeol-

196 4139 311 4182 comeo.
356 4118 460 4204 Igitur
481 4117 666 4183 maeonidem
688 4118 899 4265 deopoaffimue
921 4116 982 4180 hoo
1004 4115 1074 4179 loco
1096 4115 1139 4179 nil
1157 4115 1243 4180 aliud

196 4201 361 4302 significet,
374 4227 469 4289 quam
478 4215 672 4290 proeotomuo,
682 4210 716 4268 et
729 4201 923 4303 absolvimus..
934 4202 1114 4300 Murum-om.
1146 4201 1244 4288 Lega-

195 4309 344 4439 lm’lm'
357 4291 462 4354 “m
475 4289 1104 4441 ‘fdt‘lttlllffltl'tlldll
1132 4288 1244 4438 aaa

196 4373 586 4550 ttult‘tlztm
600 4485 621 4527 a
635 4462 749 4611 aab
817 4398 916 4461 ¹''“'
1073 4395 1148 4459 pos
1179 4395 1243 4453 ω’

696 4571 714 4610 a
