3310 5224
399 473 421 534 8
792 469 1051 536 PRAEFA'I'IO.

400 640 528 708 Lotinae
560 647 683 706 veteres
713 641 878 727 utriusque
904 640 1046 727 epietolae
1072 641 1191 726 liquido
1217 641 1449 710 demonstrent.

400 743 509 810 Nihilo
523 749 633 810 temen
645 744 758 822 minuc
774 745 925 831 quoniam
938 744 972 808 in
986 738 1094 810 codice
1105 744 1199 809 modo
1214 743 1302 809 dicto
1318 743 1449 820 Floren-

399 846 479 924 tino,
504 846 591 912 nullo
615 847 806 933 interposite
833 846 1046 926 distinctione,
1072 845 1120 912 vel
1148 844 1293 912 edhibito
1318 845 1449 914 alterius

399 947 486 1013 tituli
506 947 695 1028 discrimine,
718 949 905 1036 posteriore,
926 948 1057 1035 perinde
1076 970 1115 1016 no
1136 947 1253 1034 priore,
1270 946 1448 1033 Polycarpo

398 1050 594 1130 tribuuntur,
608 1050 681 1115 hinc
695 1059 802 1116 ortum
816 1059 875 1129 eet,
887 1057 924 1116 ut
938 1058 1044 1116 totum
1055 1051 1151 1130 istud,
1163 1051 1359 1116 diversorum
1373 1049 1473 1118 licett

398 1159 574 1231 anctorum,
590 1152 726 1218 ediderit
740 1153 773 1218 in
795 1154 903 1219 Vertis
918 1154 1024 1219 Saum
1038 1153 1232 1240 conjunctim
1250 1173 1335 1218 enno
1354 1154 1447 1239 1685,

398 1253 515 1339 publici
533 1254 615 1339 juris
636 1254 740 1332 fectis,
757 1255 938 1341 Stephanus
954 1255 1123 1341 Lemoyne
1147 1255 1237 1341 queri
1259 1277 1300 1320 ex
1321 1245 1446 1320 r'otione

397 1355 537 1442 quedem
561 1377 600 1425 no
624 1363 712 1422 certo
738 1356 876 1436 oonsilio,
904 1364 941 1421 ut
967 1357 1034 1444 ipse
1059 1356 1115 1436 nit,
1142 1357 1227 1422 idem
1251 1356 1348 1423 suerit
1373 1380 1446 1423 oon-

393 1459 551 1544 junctnm.
604 1459 707 1523 Porro
732 1459 849 1528 caruit
877 1459 911 1524 in
937 1459 1174 1546 Prolegomenir
1198 1459 1263 1524 suis
1288 1459 1445 1526 viridem

397 1560 552 1638 eruditus,
566 1567 672 1626 totum
686 1561 782 1639 istud,
798 1583 855 1626 eeu
868 1567 1036 1648 utromque
1051 1561 1227 1647 epistolem,
1239 1559 1337 1626 tribui
1351 1583 1445 1648 posse
1459 1581 1493 1622 ro

397 1661 594 1750 Polycarpo;
619 1683 715 1749 qnam
730 1664 856 1749 quidem
871 1663 1062 1730 sententiam
1073 1686 1164 1730 suom
1173 1664 1244 1730 eliis
1255 1664 1331 1730 viris
1341 1664 1445 1730 doctis

395 1765 524 1830 minime
544 1765 701 1852 probavit.
746 1765 926 1848 Quinimmo
948 1767 1072 1832 tollitur
1090 1767 1159 1833 hmo
1178 1767 1295 1853 opinio,
1309 1790 1350 1832 ne
1368 1767 1444 1853 quid

394 1867 481 1934 ultre
505 1889 687 1942 memorem,
714 1869 945 1956 nrbseriptione
969 1869 1086 1935 codicis
1112 1869 1283 1948 Vaticani3
1320 1870 1355 1935 in
1380 1861 1443 1957 qno

396 1971 523 2056 quidem
556 1970 730 2056 colophone
761 1971 941 2056 posteriora
973 1971 1019 2035 illi
1052 1971 1204 2058 epistolae,
1235 1994 1306 2058 quae
1340 1972 1443 2038 fertur

396 2073 568 2150 Barnabae,
581 2072 791 2140 vindicentur.
817 2073 842 2137 J
842 2097 895 2139 om
909 2095 985 2139 vem
1000 2073 1090 2140 licuit
1104 2075 1182 2139 mihi
1196 2074 1359 2161 Opusculn
1372 2075 1442 2141 haeo
1455 2088 1488 2150 15

394 2175 499 2249 denuo
512 2174 685 2260 proferenti
699 2175 851 2241 lectorem
865 2176 1033 2242 certiorem
1044 2177 1157 2256 locere,
1171 2200 1264 2243 usum
1275 2177 1372 2243 fuisse
1380 2178 1442 2245 hoe

394 2275 610 2362 manuscripto
631 2282 767 2351 vetusto,
790 2277 922 2362 perinde
943 2299 981 2343 ce
1001 2278 1187 2344 Florentino
1207 2279 1270 2359 illo,
1284 2287 1320 2344 et
1338 2281 1442 2346 altero

395 2375 577 2455 Porisiensi‚
594 2377 648 2463 qni
669 2384 720 2442 est
735 2378 835 2443 codor
853 2379 1021 2458 recentior,
1040 2379 1073 2444 in
1093 2381 1280 2446 edomanda
1301 2381 1441 2449 editione

393 2501 452 2544 cua
477 2481 610 2544 Patr-ron
635 2480 872 2564 Apoetolt'corom
898 2483 936 2547 cl.
961 2484 1188 2562 Jecobeonum,
1211 2484 1245 2548 in
1265 2507 1330 2571 que
1347 2493 1440 2560 extet

394 2582 590 2668 Polycnrpue
604 2581 663 2647 SS.
676 2582 831 2663 Clementi
845 2591 943 2672 atque
959 2585 1087 2672 lgnetio
1100 2587 1282 2672 adjunctus.
1449 2613 1486 2652 20
