3294 5192
338 381 390 447 IN
416 385 447 446 S.
471 382 610 447 CYPR.
635 383 699 446 DE
723 383 846 447 ZELO
870 385 935 449 ET
960 383 1148 448 LIVORE.
1205 385 1272 455 859

221 552 332 616 seueri
345 573 404 618 am
413 562 512 702 polos.
557 552 745 618 Editionum
766 555 976 619 vetustiorum
996 553 1165 620 lectionem
1184 576 1272 620 revo-

223 636 907 809 circumclusi-‘culs
922 639 1273 792 cucculum

223 815 283 874 est.
328 773 421 874 lluno
442 810 528 874 addo
542 810 683 875 codicem
705 747 959 911 antiddluslimum
975 811 1271 890 Meermannanum,

224 901 258 958 eb
272 895 479 960 vetustiorem
500 918 540 960 ex
557 896 681 960 duobus
696 895 872 960 Drunanis.
908 897 963 960 Ab
983 897 1085 962 altero
1100 904 1209 962 aulem
1223 903 1273 962 at-

225 1001 286 1064 quc
301 980 365 1046 alic
379 987 536 1067 praeberea
552 981 651 1046 MSto
665 982 842 1046 membrum
855 983 916 1046 hoo
930 983 1034 1047 abest.

269 1066 306 1129 P.
323 1065 432 1150 328.1.
450 1083 497 1150 17.
524 1089 588 1152 quo
603 1067 682 1132 (lain
701 1089 766 1130 non
783 1067 867 1132 redit
907 1067 1040 1168 Recepit
1054 1067 1087 1132 in
1102 1067 1273 1132 editionem

224 1173 315 1214 suam
337 1151 484 1216 Baluzius
505 1173 563 1236 quo
587 1153 667 1217 Ouio
687 1173 746 1216 oon
767 1153 839 1238 incr
876 1155 951 1231 ἱίσω,
975 1161 1084 1238 aitque
1105 1152 1188 1218 hano
1212 1153 1272 1217 lec·

225 1237 354 1315 tionem,
370 1259 467 1322 quam
481 1237 602 1302 habent
617 1245 683 1302 tres
696 1237 768 1302 libri
782 1245 916 1312 valeres,
932 1245 1047 1323 putare
1061 1260 1095 1302 ee
1108 1260 1177 1302 esse
1191 1238 1273 1323 opti·

226 1344 320 1402 mam,
335 1322 472 1387 alteram
486 1345 571 1401 varo,
587 1347 658 1409 quae
672 1331 722 1388 est
743 1323 834 1401 rodit,
850 1323 971 1390 falsam
1014 1324 1093 1390 (lain
1108 1323 1201 1402 enim,
1219 1325 1273 1408 qui

226 1415 322 1472 natus
344 1416 394 1473 est
419 1416 590 1494 postquam
612 1416 761 1494 parentas
786 1409 855 1494 ejus
876 1410 969 1494 ejecti
993 1410 1120 1474 fuerant
1141 1431 1160 1473 e
1181 1431 1273 1494 para·

227 1493 305 1571 diso,
321 1515 385 1558 non
399 1516 492 1578 posse
506 1495 568 1558 dici
582 1495 713 1559 rediisse
727 1495 759 1558 in
774 1495 966 1580 paradisum,
982 1517 1054 1560 cum
1068 1494 1101 1558 in
1116 1495 1169 1558 illo
1184 1516 1274 1558 num-

227 1600 323 1663 quam
339 1579 461 1643 fuisset.
507 1580 624 1664 Itaque
645 1601 710 1644 non
724 1579 888 1645 dubitasse
910 1604 944 1645 ee
960 1580 1066 1657 addit,
1082 1581 1158 1664 quin
1179 1580 1274 1645 lectio

226 1663 341 1728 horum
354 1665 453 1729 trium
473 1664 625 1729 librorum
646 1665 844 1750 prael'erenda
859 1666 910 1730 sil.
957 1666 1006 1731 At
1023 1687 1097 1729 vero
1119 1665 1206 1728 haud
1227 1666 1274 1730 iba

226 1750 330 1814 valere
352 1750 434 1814 hano
455 1751 613 1815 rationem
635 1751 831 1830 crediderim,
847 1761 884 1816 ub
906 1749 1057 1815 substitui
1076 1751 1192 1815 debeat
1206 1773 1273 1814 ver-

226 1836 303 1900 bum
317 1836 490 1921 inprcdiiur
504 1836 631 1901 lectioni
642 1836 717 1900 olim
727 1845 863 1985 receptae
875 1844 909 1901 et,
923 1838 988 1901 fere
1003 1836 1155 1900 universis
1168 1836 1274 1900 MStis

227 1921 433 1986 confirmatae.
486 1920 538 1984 Ex
553 1922 723 2000 codicibus,
740 1921 793 2006 qui
817 1945 854 1986 us
877 1945 952 1986 usus
974 1943 1044 1985 sum
1066 1921 1123 1984 soli
1138 1921 1273 2006 improdi-

227 2016 279 2070 tur
321 2013 457 2072 raestenl
483 2008 554 2072 MS.
579 2007 659 2071 Novi
684 2006 761 2072 0011.
785 2025 813 2072 2.
842 2016 875 2073 et
905 2007 1083 2070 Drusianus
1105 2007 1272 2071 recentior.

228 2091 289 2157 Ait
299 2030 362 2156 loc
377 2093 446 2157 loco
461 2093 648 2180 Cyprianus,
664 2092 744 2158 (lain
758 2113 822 2156 non
836 2093 940 2157 redire
953 2094 997 2156 ad
1010 2099 1148 2156 veterem
1162 2113 1274 2175 paron-

227 2185 298 2243 tum
320 2200 449 2242 suorum
468 2178 698 2263 possessionem
719 2178 922 2262 paradisum
948 2177 1023 2262 quin
1045 2185 1079 2242 el
1100 2177 1162 2242 dici
1183 2178 1274 2255 solet,

228 2264 329 2328 redire
342 2265 479 2328 aeduum
492 2264 538 2328 od
549 2267 661 2328 Deum.
695 2262 846 2328 Oonferae
860 2271 895 2330 et
910 2264 1006 2328 finem
1020 2262 1115 2327 libelli
1127 2264 1163 2327 do
1180 2264 1275 2349 Opere

227 2358 255 2414 a
275 2349 488 2498 Efflosymb,
503 2351 558 2415 ubi
572 2372 624 2414 cos
638 2349 759 2414 rodrocus
771 2351 817 2415 od
824 2349 1013 2436 paradi-uuo
1027 2348 1137 2426 habes,
1153 2356 1276 2414 notam·

250 2457 290 2498 ue
372 2457 474 2499 ocum.

229 2457 250 2520 q
274 2520 358 2585 Ibid.
373 2521 393 2584 l.
411 2540 460 2586 21.
484 2521 654 2586 nativitato
673 2519 794 2586 ooeleeti
808 2526 842 2585 ab
856 2519 925 2606 lege
940 2520 1059 2602 divim]
1086 2518 1208 2584 Vocem
1222 2541 1276 2584 οω-

227 2605 295 2669 uui
319 2605 405 2670 haud
428 2613 615 2692 agnoscunt,
640 2613 699 2672 aut
724 2607 833 2670 decem
859 2607 982 2670 codices
1005 2605 1114 2754 scripti
1139 2605 1172 2671 in
1198 2605 1276 2670 edit.

229 2690 333 2754 Oxou.
359 2693 535 2768 memorali,
558 2692 754 2756 auteonda
777 2713 812 2755 se
834 2697 900 2755 tem
926 2691 995 2770 illis,
1020 2713 1074 2775 qu1
1096 2713 1135 2755 us
1159 2711 1219 2776 ego
1243 2691 1277 2753 in

229 2775 360 2839 edendis
373 2776 423 2840 his
437 2776 549 2840 libellis
557 2798 633 2840 usus
647 2797 737 2848 sum;
763 2714 833 2840 ded

231 2860 431 2925 Meormanni
450 2861 678 2946 manuscripto.
733 2859 838 2945 Supra
858 2882 934 2926 vero
952 2861 1052 2925 habes
1074 2861 1202 2924 emam
1224 2879 1278 2922 vo-

230 2967 292 3024 ces,
307 2946 467 3011 nativitate
480 2946 598 3024 colati,
613 2968 645 3029 p.
660 2963 734 3030 324.
750 2945 772 3008 l.
789 2948 842 3009 26.

827 2777 871 2840 cib
885 2775 1039 2841 oracionis
1052 2775 1230 2839 membrum
1244 2775 1277 2838 in
