3316 5198
406 503 469 566 120
757 503 1099 568 TERTULLIANI

404 684 436 747 ct
465 675 615 747 emitote
662 673 761 747 Deris
791 677 882 747 enim
911 675 1069 772 Spiritus
1094 685 1165 748 est:
1196 685 1227 747 et
1254 677 1453 751 adoratores

405 794 525 884 itaque
556 790 638 863 tales
667 793 825 888 requirit.
879 793 958 864 Nos
987 817 1108 864 sumus
1138 796 1210 865 veri
1241 797 1452 877 adoratores,

405 917 443 979 et
466 909 538 979 veri
565 910 774 992 sacerdotes,
802 911 862 1001 qui
888 911 1014 1003 spiritu
1037 919 1177 981 orantes
1202 913 1327 1004 spiritu
1350 913 1454 982 sacri-

405 1025 589 1096 ficaremus
624 1023 718 1121 (sor.
754 1027 1003 1120 sacrificamus)
1039 1030 1234 1098 orationem
1271 1027 1340 1099 Dei
1374 1052 1454 1122 pro-

404 1142 517 1235 priam
535 1150 572 1212 et
589 1142 852 1235 acceptabilem,
871 1165 977 1235 quarn
991 1143 1125 1214 scilieet
1141 1146 1333 1236 requisivit,
1346 1165 1479 1237 quams

406 1255 472 1329 sibi
499 1260 691 1351 prospexit.
743 1258 848 1329 Hane
874 1259 919 1329 de
946 1267 1024 1329 toto
1052 1262 1157 1330 eorde
1181 1261 1356 1344 devotam,
1383 1262 1453 1332 fide

406 1383 553 1468 pastam,
580 1376 730 1445 veritate
755 1384 923 1458 curatam,
951 1376 1152 1446 innocentia
1174 1377 1358 1470 integram,
1380 1399 1454 1447 aas·

408 1493 512 1561 titate
534 1491 714 1573 mundam,
737 1514 849 1585 agape
872 1500 1084 1574 coronatam,
1109 1515 1191 1562 cum
1219 1516 1349 1586 pompa
1371 1517 1454 1586 ope-

407 1629 486 1676 rum
517 1606 690 1676 bonomm
720 1608 813 1677 inter
846 1607 999 1699 psalmos
1029 1617 1066 1677 et
1100 1607 1249 1701 hymnos
1279 1610 1453 1681 deducere

407 1725 452 1794 ad
482 1722 551 1793 Dei
577 1723 687 1794 altare
713 1724 892 1805 debemus,
919 1725 1038 1794 omnia
1062 1725 1162 1794 nobis
1188 1749 1209 1795 a
1237 1724 1316 1796 Deo
1344 1729 1454 1819 impe·
1467 1745 1502 1783 ¹0

408 1850 591 1911 traturam.
1153 1905 1157 1916 .

245 1961 394 2075 CAR-¹¹¹3
460 1956 555 2040 Quid
582 1957 676 2026 enim
702 1959 851 2026 orationi
882 1958 926 2027 de
957 1959 1082 2050 spiritu
1112 1968 1149 2028 et
1179 1961 1328 2030 veritate
1359 1963 1455 2031 reni·

242 2031 484 2174 dalbia-'enti
510 2073 652 2165 negavit
678 2069 770 2167 (sor.
797 2073 955 2167 negabit)
983 2072 1091 2156 Deus,
1119 2075 1178 2166 qui
1209 2097 1288 2144 eam
1318 2077 1454 2169 exigit?

243 2176 306 2210 ⁰⁰¹¹·
412 2186 591 2280 Legimus,
623 2196 661 2257 et
696 2189 868 2271 audimus,
903 2197 940 2258 ct
969 2189 1154 2271 credimus,
1184 2198 1316 2280 quanta
1348 2190 1455 2261 docu-

409 2310 530 2372 menta
555 2301 720 2372 efficaciae
747 2305 831 2395 ejus.
885 2303 1003 2375 Vetus
1030 2304 1173 2396 quidem
1201 2307 1313 2375 oratio
1343 2314 1380 2376 et
1410 2308 1455 2378 ab
1468 2330 1502 2389 15

408 2419 558 2513 ignibus,
576 2428 613 2489 et
631 2441 652 2488 a
668 2419 799 2502 bestiis,
817 2429 855 2490 et
872 2421 917 2490 ab
943 2422 1059 2492 inedia
1080 2420 1261 2503 liberabat,
1280 2430 1318 2491 et
1335 2433 1455 2494 tamen

370 2547 375 2558 '
408 2557 480 2605 non
505 2558 527 2605 a
547 2535 689 2606 Christo
710 2546 894 2629 acceperat
917 2537 1075 2607 formam.
1128 2537 1295 2607 Cetemm
1323 2548 1456 2630 quanto

408 2651 560 2746 amplius
582 2653 695 2722 oratio
717 2653 1007 2736 Christianomm,
1026 2677 1096 2724 non
1119 2657 1206 2724 roris
1232 2655 1398 2749 angelum
1419 2656 1454 2723 in

408 2771 533 2841 mediis
557 2771 696 2863 ignibus
720 2773 824 2854 sistit,
841 2795 907 2841 nec
931 2795 992 2841 ora
1014 2771 1175 2842 leonibus
1202 2772 1363 2853 obstmit,
1389 2793 1455 2841 nec

408 2887 642 2958 esurientibus
668 2890 877 2959 rustieomm
902 2889 1087 2981 prandium
1113 2889 1280 2959 transfert
1306 2887 1388 2975 (Bel
1418 2895 1455 2956 et
1469 2913 1505 2953 20

410 3001 536 3086 Draco,
555 3008 614 3074 33.
642 3008 726 3096 St),
753 3004 893 3074 nullum
921 3027 1062 3074 sensum
1090 3005 1260 3096 passionis
1294 3003 1456 3096 delegata

407 3120 522 3212 gratia
543 3119 697 3190 advertit
726 3122 810 3210 (eor.
834 3123 999 3210 avertit);
1025 3121 1087 3192 sed
1108 3122 1294 3212 patientes,
1318 3129 1356 3189 et
1378 3142 1457 3189 sen-

409 3235 548 3318 tientes,
563 3243 600 3305 et
612 3236 771 3306 dolentes
784 3236 987 3307 sufferentia
1001 3237 1152 3318 instmit,
1164 3237 1297 3305 virtute
1311 3234 1456 3326 ampliat

406 3351 568 3443 gratiam,
594 3359 636 3419 ut
659 3353 747 3422 sciat
769 3353 857 3422 fides
879 3354 963 3444 quid
990 3375 1012 3421 a
1034 3350 1189 3421 Domino
1211 3358 1455 3442 consequatur,

408 3464 610 3560 intelligens
622 3468 707 3558 quid
720 3490 784 3560 pro
796 3467 866 3538 Dei
879 3469 1021 3538 nomine
1034 3468 1199 3560 patiatur.
1227 3467 1297 3537 Sed
1312 3475 1349 3536 et
1362 3475 1455 3536 retro
1469 3495 1503 3553 ²5

408 3582 520 3652 oratio
542 3581 664 3675 plagas
686 3584 872 3677 irrogabat,
897 3584 1068 3654 fundebat
1089 3583 1244 3653 hostium
1269 3583 1456 3663 exercitus,

407 3694 574 3767 imbrium
587 3696 690 3768 utilia
704 3699 924 3791 prohibebat.
961 3698 1070 3769 Nune
1084 3721 1167 3767 vero
1181 3699 1292 3767 oratio
1303 3696 1456 3788 justitiae

407 3837 550 3887 omnem
576 3814 664 3884 iram
691 3813 760 3885 Dei
786 3818 924 3897 avertit,
952 3839 1015 3908 pro
1038 3816 1188 3884 inimicis
1211 3813 1375 3895 excubat,
1393 3835 1456 3904 pro

407 3931 699 4026 persequentibus
722 3931 907 4026 supplicat.
961 3931 1096 4001 Mimm
1120 3932 1148 4000 si
1172 3953 1279 4022 aquas
1296 3928 1457 3999 coelester

408 4057 619 4140 extorquere
651 4049 760 4132 novit,
791 4073 872 4141 quae
902 4050 1019 4142 potuit
1049 4057 1086 4118 et
1116 4049 1216 4141 ignes
1244 4045 1505 4138 impetraret30

409 4164 512 4253 (Luc.
527 4166 574 4234 ix.
593 4169 657 4258 54)
676 4165 761 4236 Sola
778 4175 832 4238 est
850 4168 972 4248 oratio,
990 4189 1071 4257 quae
1090 4163 1207 4234 Deum
1227 4164 1346 4232 vincit.
1385 4161 1456 4231 Sed

409 4282 571 4352 Christus
594 4305 673 4355 eam
699 4283 787 4354 nihil
810 4281 894 4353 mali
919 4282 1018 4352 novit
1035 4277 1128 4374 (sor.
1157 4279 1283 4370 voluit)
1310 4278 1455 4370 operari.

410 4395 564 4469 Omnem
582 4399 633 4470 illi
651 4399 820 4468 virtutem
839 4397 884 4468 de
901 4397 994 4467 bono
1012 4395 1174 4464 contulit.
1226 4393 1352 4482 ltaque
1369 4389 1455 4460 nihil
