3326 5200
408 489 472 550 212
743 487 1122 551 ANNOTATIONES

407 660 440 722 in
464 659 649 724 Creatorem
672 658 776 721 Deum
801 658 1045 736 accusationem,
1068 667 1103 723 et
1123 657 1211 741 loqui
1229 679 1294 720 nou
1317 657 1452 741 liabent]

410 745 462 809 lta
488 745 590 808 looum
612 744 748 807 restitui.
794 743 901 829 Vulgo
922 745 1044 808 editum
1065 752 1124 822 est,
1140 743 1256 807 Adime
1276 743 1343 806 itte
1362 743 1455 828 leym

408 831 512 913 Moysi
519 839 547 894 et
552 829 717 914 prophotas
727 839 755 894 et
766 832 1042 906 ormtremDm,
1054 830 1273 894 aceniam
1283 829 1382 1000 aaz}
1396 851 1455 892 aaa

408 915 524 980 tabeat.
568 915 649 979 Cum
663 937 738 979 vero
759 924 887 980 extaret
900 916 933 979 in
956 915 1313 981 edit.Pe1·is.2nda.ia
1381 937 1405 990 a,
1420 921 1455 978 et

409 1003 543 1066 haberet
565 1002 666 1065 eodex
689 1001 864 1066 Wouwerii
885 1011 914 1066 et
939 1004 973 1065 ia
994 1013 1166 1078 crearemus,
1189 1001 1390 1086 positumque
1411 1001 1455 1064 sit

386 1087 718 1257 ‘llttltthtllli
740 1086 1455 1239 ltptltltmttltt.llt⁶tttt

411 1259 583 1324 Rhenanus
605 1259 732 1343 quidem
755 1260 796 1323 ad
820 1261 950 1324 tertiam
975 1282 1066 1324 suam
1095 1259 1267 1324 editionem
1288 1259 1455 1344 legendmn

410 1345 1322 1517 oolllllllllll'wmlllnlfl1“lt‘}.⁰lltlt1⁵⁰lzll¹nae0⁸llt
1333 1451 1455 1528 ene

412 1539 510 1602 quam
524 1518 609 1581 inter
623 1538 677 1580 eos
692 1539 755 1580 non
770 1517 835 1582 sint
850 1518 1031 1594 schismata,
1048 1539 1112 1581 non
1126 1518 1211 1602 quod
1226 1539 1299 1581 vere
1313 1538 1377 1580 nou
1390 1524 1456 1579 smt

412 1603 629 1678 dissentiones,
642 1604 698 1666 sed
710 1604 784 1688 quia
795 1625 867 1667 oum
881 1625 990 1668 omnes
1005 1626 1063 1688 pro
1078 1603 1207 1667 libidine
1220 1603 1360 1667 efficiunt
1371 1602 1457 1685 quod

412 1688 524 1772 ouique
547 1688 708 1772 placitum,
733 1711 797 1753 non
822 1697 988 1789 apparent,
1011 1697 1047 1754 et
1068 1689 1140 1753 ideo
1168 1688 1326 1774 ipsissima
1348 1687 1457 1752 unitas

412 1775 545 1850 videtur,
561 1796 633 1838 eum
649 1775 691 1838 sit
706 1775 923 1859 multiplicitas
937 1776 1176 1841 sententiarum.
1201 1775 1399 1838 Damonem.

457 1860 537 1924 Ibid.
554 1860 575 1924 l.
594 1879 642 1945 13.
659 1861 804 1925 Sehisma
825 1869 875 1926 est
896 1862 1003 1926 unitas
1024 1861 1116 1948 ipsis]
1134 1860 1279 1924 Sehisma
1300 1860 1385 1946 quod
1407 1867 1457 1924 est

412 1946 524 2010 divisio
549 1969 570 2010 a
591 1946 764 2025 eatholiois,
784 1947 942 2012 vinonlum
966 1948 1044 2032 ipsis
1069 1955 1119 2011 est
1139 1947 1281 2024 unitatis,
1327 1945 1455 2010 uemad-

412 2033 541 2096 modum
570 2039 647 2096 ante
675 2033 846 2118 seripserat
869 2041 991 2110 auster,
1021 2033 1118 2097 Nau
1140 2035 1262 2097 astam
1293 2033 1360 2109 ‘a
1390 2031 1458 2096 lieet

411 2118 534 2182 divorsa
554 2117 763 2197 tractantibus,
778 2120 852 2184 dum
872 2121 918 2185 ad
939 2120 1031 2183 auios
1051 2121 1190 2183 wrttatis
1210 2121 1460 2205 supportationem

412 2213 586 2352 ⁰⁰'ltllf'l3
603 2225 830 2374 iil'ssiende]
857 2287 932 2350 nor.
951 2289 1092 2372 poema.
1139 2289 1244 2353 voees
1272 2311 1294 2353 a
1322 2289 1459 2354 nemen

414 2375 532 2438 mutari
547 2374 660 2438 solent.

459 2460 538 2522 lbid.
557 2461 576 2523 l.
596 2479 646 2538 24.
662 2461 751 2543 quasi
769 2460 837 2524 sine
859 2458 925 2522 lare
939 2460 1111 2561 vagantur]
1131 2460 1287 2526 Vooulam
1308 2462 1398 2546 quasi
1417 2483 1458 2524 ex

414 2545 552 2610 editione
567 2545 708 2630 principe
722 2546 853 2629 aliisque
867 2545 1003 2611 restitui.
1050 2547 1088 2609 ln
1110 2547 1221 2611 eadem
1242 2555 1352 2611 tamen
1373 2569 1459 2611 men-

415 2631 491 2694 dose
513 2631 653 2716 positum
678 2639 737 2708 est,
757 2632 847 2716 quaet
870 2630 930 2694 sibi
953 2633 1034 2710 latre,
1061 2633 1093 2695 in
1119 2633 1169 2696 ed.
1192 2633 1291 2697 tertia
1314 2632 1459 2698 Rhenani

413 2718 503 2802 quast
523 2716 582 2781 sibi
599 2717 669 2795 date,
692 2718 725 2780 in
746 2717 859 2781 ultima
873 2717 1018 2782 Rhenani
1039 2719 1129 2804 quasi
1146 2719 1215 2796 tate,
1232 2719 1265 2782 in
1287 2720 1335 2783 ed.
1355 2717 1457 2782 Paris.

414 2803 518 2887 prima
546 2804 635 2890 quasi
659 2802 799 2880 sibime,
828 2804 861 2866 in
893 2803 995 2869 Paris.
1030 2805 1125 2870 anda.
1150 2804 1210 2868 sibi
1242 2805 1311 2880 laet,
1342 2805 1460 2868 omisso

415 2890 512 3000 pusi,
528 2890 561 2953 in
583 2889 630 2953 ed.
650 2890 787 2954 Franek.
802 2889 892 2989 paesi
909 2888 969 2952 aa·
990 2889 1060 2968 leta,
1075 2897 1112 2953 ut
1134 2891 1167 2953 in
1188 2892 1286 2954 tertia
1301 2890 1458 2955 Rhenani.

421 2975 560 3039 landem
573 2975 675 3039 edidit
690 2976 849 3061 Rigaltrus
870 2997 910 3039 ex
927 2976 972 3036 W
974 2977 1101 3040 ouwerii
1116 2985 1178 3041 vat.
1195 2976 1276 3040 libro
1297 2977 1362 3040 εἰπε
1383 2977 1459 3052 tara,

413 3062 530 3126 omisso
549 3062 647 3146 quasi.
693 3063 752 3126 Ait
773 3062 975 3127 doctissimus
996 3062 1048 3126 ille
1073 3062 1273 3126 Wouwerius
1295 3063 1327 3125 in
1350 3064 1461 3126 Ernes-

414 3147 490 3211 datt.
507 3147 572 3212 suis
586 3169 670 3211 anno
688 3149 766 3211 1608
790 3148 893 3224 editis,
911 3155 930 3183 “
943 3147 1126 3212 Editionem
1145 3156 1299 3232 sequutus
1314 3149 1362 3212 vir
1375 3148 1460 3212 illus-

415 3233 509 3297 “tris
527 3237 581 3315 (an
595 3234 772 3319 Soaligert)
789 3233 969 3298 emendavit
981 3233 1060 3297 Atti
1081 3233 1141 3297 law
1160 3245 1323 3319 suquatur.
1369 3233 1460 3320 lnge

416 3327 435 3353 “
451 3319 546 3396 mose,
563 3327 600 3383 ut
615 3320 729 3383 omnia.
772 3320 924 3383 Fortasse
939 3341 1002 3382 non
1016 3320 1186 3403 rejicienda
1199 3321 1383 3405 conjectura
1397 3341 1461 3404 qna

415 3412 434 3438 ‘⁶
449 3405 634 3483 soribebam,
665 3404 731 3468 orti
750 3406 826 3487 fide,
855 3415 994 3482 extorres,
1028 3405 1182 3488 Optima
1211 3416 1373 3490 reparetur,
1404 3406 1460 3469 sed

415 3490 577 3554 “minime
600 3491 824 3554 discedendum
849 3492 1034 3554 arbitrere
1059 3499 1122 3555 vet.
1152 3492 1243 3555 ood''
1289 3491 1369 3556 Haee
1397 3491 1459 3554 ille.

415 3575 547 3661 Recepit
560 3598 635 3641 vero
650 3577 745 3653 istud,
761 3578 851 3662 quasi
864 3575 943 3641 Atti
964 3577 1024 3641 hta
1046 3587 1206 3663 suquatur,
1223 3578 1255 3641 in
1276 3578 1354 3641 edit
1368 3599 1460 3641 suam

414 3661 613 3762 Christianus
638 3662 765 3747 Lupus;
790 3663 991 3727 nihilominus
1016 3685 1089 3727 oum
1112 3663 1252 3748 Rigaltio
1272 3664 1351 3727 facit
1376 3663 1460 3727 'l'ho-

415 3769 543 3811 mesine.

459 3834 496 3897 P.
524 3855 534 3896 ι
541 3835 593 3918 58.
619 3834 640 3896 l.
665 3854 696 3918 3.
721 3834 885 3920 diligentia
909 3833 1071 3918 adtonita]
1101 3835 1180 3916 Quae
1204 3855 1330 3921 semper
1354 3843 1404 3899 est
1428 3835 1460 3898 in

413 3927 502 3986 metu
515 3943 555 3984 ne
570 3920 646 4004 quid
661 3929 780 4005 peooet.
804 3921 936 3984 Risum.

459 4005 539 4070 Ibid.
556 4006 576 4070 l.
592 4029 623 4086 4.
639 4007 774 4071 adleetio
796 4006 976 4091 explorata]
996 4006 1060 4070 Adl
1101 4006 1263 4080 aedanum,
1286 4007 1406 4071 soilioet
1428 4007 1460 4069 in

412 4093 555 4157 ordinem
578 4092 833 4158 ecclesiasticum.
858 4093 987 4156 Rronun.
1035 4092 1089 4155 Ad
1101 4092 1193 4170 ectio,
1210 4092 1379 4169 ordinatio,
1396 4095 1459 4156 ἑπι-

414 4185 543 4259 κληρεῖν.
568 4179 706 4242 Suunnn.

458 4263 539 4327 Ibid.
557 4263 577 4327 l.
595 4267 625 4328 6.
644 4263 804 4349 apparitio
823 4264 951 4348 devota]
971 4264 1142 4348 Apparent
1156 4263 1311 4348 episeopis
1334 4263 1461 4348 presby-

412 4348 483 4424 teri,
506 4348 640 4412 diaconi.
687 4350 719 4414 A
744 4356 858 4435 parent
883 4350 1124 4435 magistratibus
1145 4349 1267 4426 sei-ibae,
1290 4370 1461 4434 prseooues

410 4434 544 4500 ooeensi.
571 4435 693 4500 Glossae
710 4373 886 4514 thiloxeni,
901 4437 1114 4522 Appaittoroa
1129 4433 1342 4516 Ἐκβιβασταί.
1374 4435 1464 4498 Εἰσὶν
