3314 5190
407 451 474 520 286
786 459 820 522 S.
845 457 1083 524 CYPRIANI

406 631 534 701 timeat
550 632 609 702 cui
626 631 694 702 hoo
716 653 817 704 mora
838 633 997 729 longiore
1014 636 1204 720 confertur,
1217 645 1260 707 ut
1282 639 1460 712 omciatus

406 745 482 838 ejus
499 757 538 817 et
552 750 708 841 gemitus
725 751 868 820 interim
886 750 1078 822 differatur.
1106 831 1110 837 ,
1130 751 1244 824 Multi
1260 776 1308 824 ex
1330 757 1460 827 nostris

405 864 442 932 in
454 863 520 934 hac
533 863 750 937 mortalitate
763 868 972 952 moriuntur,
984 868 1053 939 hoo
1065 876 1130 951 est,
1143 869 1249 940 multi
1267 893 1314 941 ex
1330 873 1459 944 nostris

281 1025 282 1030 ,
404 977 450 1047 do
475 977 603 1050 saeculo
629 978 834 1052 liberantur.
885 981 1089 1054 Mortalitas
1114 984 1183 1054 ista
1205 992 1247 1054 nt
1263 985 1397 1056 Judaeis
1420 995 1459 1056 et

403 1093 596 1189 gentilibus
630 1105 667 1168 et
702 1097 835 1170 Christi
868 1099 1030 1170 hostibus
1063 1101 1173 1192 pestis
1206 1109 1271 1184 est,
1305 1102 1358 1171 ita
1386 1096 1485 1177 Deis

404 1212 512 1281 servis
538 1212 699 1284 salutaris
729 1237 895 1286 excessus
922 1224 989 1287 est.
1041 1216 1122 1287 Hoc
1150 1217 1246 1308 quod
1275 1218 1351 1288 sine
1381 1217 1457 1289 ullo

403 1328 604 1399 discrimine
632 1331 772 1423 generis
800 1331 947 1403 humani
977 1355 1060 1402 oum
1090 1333 1230 1426 injustis
1256 1336 1458 1406 moriuntur

403 1454 441 1516 et
464 1447 564 1538 justi,
594 1471 664 1518 non
698 1449 877 1541 estquod
907 1451 1042 1541 putetis
1071 1450 1173 1521 bonis
1203 1458 1241 1520 et
1269 1450 1372 1522 malis
1403 1453 1457 1521 in-

403 1565 549 1636 teritum
576 1587 652 1636 esse
677 1588 914 1636 communem.
958 1565 1018 1638 Ad
1041 1569 1262 1662 refrigerium
1282 1569 1373 1661 justi
1396 1593 1458 1640 vo-

402 1691 537 1766 cantur,
557 1681 602 1752 ad
619 1681 829 1774 supplicium
848 1683 1033 1775 rapiuntur
1049 1685 1181 1776 injusti.
1226 1683 1343 1756 Detur
1360 1684 1457 1756 velo-
1469 1721 1505 1762 ιο

402 1799 478 1869 cius
502 1796 618 1869 tutela
642 1798 843 1882 fidentibus,
869 1800 1011 1893 perfidis
1036 1821 1151 1893 poena.
1195 1801 1389 1895 Improvidi
1416 1813 1455 1874 et

401 1916 530 2008 ingrati
555 1938 687 1998 sumus,
715 1917 841 1987 iratres
872 1915 1101 2002 dilectissimi,
1127 1919 1172 1989 ad
1202 1918 1323 1990 divina
1346 1919 1455 1992 bene-

400 2029 489 2112 ficia,
510 2052 577 2099 neo
600 2029 685 2120 qnid
709 2031 810 2100 nobis
831 2031 1033 2101 conferatur
1052 2032 1286 2125 agnoscimus.
1338 2031 1455 2106 Exce-

400 2147 491 2216 dunt
521 2169 604 2217 ecce
634 2148 671 2215 in
704 2169 791 2238 pace
821 2155 912 2218 tutae
942 2170 1025 2216 cum
1053 2146 1166 2242 gloria
1199 2170 1264 2220 sua
1289 2150 1452 2242 virgines,

401 2260 574 2330 venientis
591 2258 788 2330 antichristi
802 2260 915 2330 minas
928 2268 965 2330 et
983 2258 1199 2352 corruptelas
1216 2268 1255 2330 et
1270 2259 1452 2353 lupanaria
1465 2299 1500 2360 15

399 2395 472 2443 non
497 2375 686 2458 timentes;
713 2376 813 2466 pueri
835 2375 1033 2466 periculum
1056 2374 1203 2446 lubricae
1226 2377 1344 2448 aetatis
1371 2400 1453 2449 eve·

399 2494 500 2575 dunt,
518 2492 562 2562 ad
580 2493 807 2562 continentiae
823 2501 930 2584 atque
947 2495 1157 2565 innocentie
1174 2496 1356 2587 praemium
1374 2496 1452 2568 feli-

398 2610 488 2679 citer
512 2609 743 2701 perveniunt3
771 2617 950 2680 tormenta
969 2611 1046 2702 jam
1071 2633 1144 2680 non
1169 2611 1274 2682 timet
1299 2612 1452 2684 delicata

398 2735 569 2807 matrona,
586 2733 725 2796 metum
741 2726 996 2818 persecutionis
1012 2735 1050 2797 et
1063 2749 1188 2798 manus
1204 2731 1450 2823 cruciatusque

398 2842 570 2913 carnificis
597 2842 770 2912 moriendi
797 2842 982 2913 celeritate
1009 2842 1154 2914 lucrata.
1199 2843 1334 2916 Pavore
1356 2869 1499 2927 mor-20

397 2959 546 3029 talitatis
575 2967 612 3030 et
646 2960 814 3051 temporis
846 2957 943 3054 (for.
970 2961 1176 3051 terroribus)
1206 2963 1449 3034 accenduntur

396 3078 518 3170 tepidi,
542 3078 831 3170 constringuntur
853 3077 999 3160 remissi,
1017 3079 1220 3148 excitantur
1240 3080 1369 3172 ignavi,
1388 3083 1448 3152 de-

396 3203 548 3265 sertores
570 3192 833 3286 compelluntur
857 3203 899 3263 ut
923 3193 1080 3276 redeant,
1103 3192 1255 3287 gentiles
1272 3206 1449 3290 cognatm

397 3317 439 3378 ut
461 3310 618 3391 credant,
645 3317 747 3378 vetus
771 3308 931 3379 fidelium
956 3307 1107 3401 populus
1132 3311 1179 3380 ad
1203 3312 1361 3402 quietem
1387 3334 1449 3382 vo-

397 3435 507 3508 catur,
530 3426 574 3494 ad
595 3426 708 3495 aciem
729 3446 852 3494 recens
874 3434 912 3494 et
936 3426 1097 3518 copiosus
1119 3429 1297 3499 exercitus
1321 3428 1493 3526 robore25

1630 53 1644 310 ι

396 3540 541 3610 fortiore
558 3540 747 3634 colligitur,
765 3550 985 3635 pugnaturus
1002 3543 1078 3612 sine
1100 3551 1201 3612 metu
1223 3545 1347 3614 mortis
1363 3567 1446 3614 oum

395 3654 559 3748 proelium
589 3658 735 3741 venerit,
763 3659 824 3749 qui
854 3659 900 3728 ad
930 3657 1095 3728 militiam
1125 3667 1286 3752 tempore
1315 3670 1447 3733 morta-

396 3773 506 3844 litatis
523 3774 670 3844 accedit.

446 3890 496 3960 X.
520 3891 615 3976 Quid
642 3891 770 3962 deinde
800 3889 899 3972 illud,
927 3889 1051 3964 fratres
1080 3890 1310 3976 dilectissimi,
1340 3893 1445 3985 quale

395 4016 460 4091 est,
482 4030 589 4099 quam
610 4009 800 4100 pertinens,
822 4029 928 4099 quam
950 4008 1196 4091 necessarium,
1218 4011 1314 4100 quod
1335 4011 1495 4103 pestis3o

396 4125 465 4195 ista
480 4134 518 4195 et
535 4124 621 4208 lues,
639 4149 720 4217 quae
736 4123 913 4194 horribilis
930 4133 968 4195 et
985 4125 1102 4196 feralis
1119 4126 1269 4210 videtur,
1283 4126 1445 4220 explorat

390 4241 569 4332 justitiam
607 4239 835 4335 singulorum,
870 4250 908 4312 et
945 4250 1084 4312 mentes
1121 4241 1267 4314 humani
1306 4246 1445 4338 generis

397 4357 587 4440 examinat,
617 4381 662 4428 an
692 4357 839 4428 infirmis
872 4359 1026 4429 serviant
1059 4359 1144 4440 sani,
1178 4383 1224 4430 an
1258 4362 1444 4453 propinqui
