3314 5190
379 506 444 570 DE
468 506 626 572 OPERE
649 508 714 572 ET
737 508 1089 576 ELEEMOSYNIS.
1197 515 1262 579 sla

210 678 317 762 sitini,
347 689 380 751 et
409 703 479 752 non
502 681 650 774 potestis
679 705 755 762 me,-
795 680 916 778 hospes
934 682 1011 780 sni,
1042 695 1074 757 et
1102 709 1171 758 non
1201 687 1262 764 od-

210 792 362 865 donistis
388 819 440 866 me
452 822 464 875 ;
494 795 607 866 nudos
627 805 660 867 et
680 820 749 868 non
770 800 917 871 vestistis
943 824 1018 880 mc:
1048 802 1206 896 infirmos
1231 815 1263 876 et

210 910 250 980 in
270 933 415 994 corone,
442 921 474 983 et
496 935 566 983 non
588 913 754 984 visitastis
776 938 838 986 me.
894 914 992 988 Tunc
1015 917 1262 1012 respondebunt

209 1034 242 1096 et
271 1026 341 1120 ipsi
369 1025 540 1098 dicentes:
587 1026 749 1113 Domine,
781 1030 918 1127 qnendo
948 1041 981 1103 te
1008 1032 1158 1104 uidimus
1187 1059 1262 1106 esn-

182 1141 352 1224 5rientem
379 1151 439 1213 ont
464 1144 642 1227 sitientem,
670 1157 730 1218 ont
758 1146 923 1244 hospitem
949 1158 1009 1220 ont
1034 1149 1174 1234 nndnm,
1202 1161 1262 1222 ant

210 1255 387 1350 infirmnm
414 1267 474 1328 ont
497 1259 535 1328 in
562 1267 758 1342 conseruet
782 1282 851 1330 non
876 1259 1149 1332 ministravimus
1167 1261 1261 1334 tibi?

207 1370 258 1443 Et
282 1372 496 1468 respondebit
520 1372 613 1444 iltis:
640 1373 755 1446 Amen
781 1373 858 1446 dieo
883 1373 984 1458 nobis,
1011 1377 1166 1472 quandin
1191 1401 1260 1450 non

196 1485 339 1583 finistis
361 1491 425 1560 nni
450 1514 494 1561 en
518 1491 674 1562 minimis
696 1489 762 1574 tis,
788 1515 894 1586 neqne
916 1490 1005 1563 milti
1017 1491 1168 1589 fecistis.
1211 1493 1260 1566 Et

207 1602 346 1676 obibunt
368 1606 429 1676 isti
450 1606 489 1676 in
512 1605 756 1679 ambustionem
784 1617 957 1692 eternom,
970 1608 1062 1701 justi
1083 1619 1194 1681 annm
1220 1611 1259 1680 in

164 1721 312 1792 sonitem
330 1730 504 1792 octennem.

259 1835 409 1907 XVIII.
436 1837 533 1920 Quid
561 1840 680 1930 potuit
709 1839 811 1910 nobis
844 1839 959 1932 majus
994 1841 1155 1913 Christus
1184 1843 1259 1912 edi·

206 1952 313 2024 cerei
348 1953 537 2037 Quomodo
570 1956 683 2049 magis
716 1957 836 2047 potuit
863 1955 1015 2047 justitiae
1048 1979 1090 2028 ac
1123 1959 1258 2028 miseri-

206 2068 337 2142 cordiae
361 2079 492 2142 nostrae
509 2093 617 2164 opera
639 2093 831 2164 provocare
848 2093 955 2164 quam
981 2074 1075 2164 quod
1101 2075 1256 2165 praestari

208 2185 299 2254 dixit
325 2186 391 2258 sibi
417 2187 584 2279 quicquid
610 2188 730 2280 egenti
755 2195 941 2280 praestatur
965 2196 1003 2259 et
1032 2191 1188 2281 pauperi,
1218 2199 1257 2262 et

163 2331 175 2372 ι
179 2333 196 2390 5
208 2321 246 2370 se
263 2301 355 2372 dixit
371 2302 501 2373 offendi
525 2304 592 2374 nisi
609 2304 730 2396 egenti
753 2312 944 2396 praestetur
960 2313 997 2374 et
1014 2306 1180 2398 pauperi3
1214 2315 1257 2376 ut

207 2417 268 2508 qui
301 2426 466 2511 respectu
495 2419 612 2490 fratris
640 2419 678 2488 in
709 2418 859 2490 ecclesia
887 2444 959 2491 non
992 2430 1167 2504 movetur,
1198 2422 1254 2492 vel

207 2531 338 2604 chuni
365 2535 666 2628 contemplatione
692 2545 887 2620 moveatur,
914 2546 952 2607 et
978 2539 1039 2630 qui
1065 2561 1136 2608 non
1161 2538 1257 2630 cogi·

206 2656 261 2720 tat
283 2651 320 2719 in
343 2648 463 2721 labore
489 2660 597 2744 etque
619 2653 657 2722 in
680 2662 839 2746 egestate
862 2677 1082 2737 conservum,
1101 2652 1159 2724 vel
1181 2653 1256 2723 Dc-

205 2767 343 2836 minum
374 2768 509 2860 cogitet
542 2768 579 2836 in
609 2768 684 2860 ipso
714 2768 776 2838 illo
810 2792 916 2860 quem
947 2772 1096 2862 despicit
1125 2772 1256 2840 consti-

160 2911 197 2952 ιο
207 2881 351 2952 tutum?
376 2881 424 2951 Et
441 2883 582 2965 idcirco,
600 2883 725 2953 fratres
742 2885 920 2967 carissimi,
938 2886 1065 2978 quibus
1082 2894 1200 2956 metus
1217 2887 1254 2956 in

207 2993 327 3066 Deum
352 3018 483 3089 pronus
506 3005 570 3079 est,
588 3005 627 3067 et
651 3007 770 3090 spreto
796 2996 1001 3090 calcatoque
1016 3001 1094 3090 jam
1119 3002 1254 3072 mundo

206 3110 252 3181 nd
275 3132 426 3204 superna
447 3121 485 3183 et
506 3112 626 3182 divina
646 3113 785 3182 animus
806 3122 945 3184 erectus
962 3123 1026 3195 est,
1044 3114 1115 3184 fide
1137 3115 1252 3206 plenu,

206 3233 327 3296 menta
349 3227 486 3309 devota,
504 3227 709 3320 operatione
730 3227 907 3310 continue,
925 3230 1157 3319 promerendo
1179 3227 1254 3300 Do-

202 3341 304 3418 mino
323 3341 530 3435 obsequium
550 3342 777 3435 praebeamus.
829 3343 966 3415 Demus
982 3343 1124 3416 Christo
1146 3347 1254 3416 vesti·

161 3466 328 3547 asmente
343 3466 491 3542 terrena
503 3459 712 3528 indumento
724 3457 882 3530 coelestia
893 3461 1079 3553 recepturi.
1114 3461 1252 3532 Demus

207 3573 326 3644 cibum
349 3581 387 3644 et
407 3581 533 3666 potum
556 3573 769 3658 secularem,
787 3599 870 3646 cum
893 3574 1077 3648 Abraham
1093 3585 1131 3647 et
1152 3576 1252 3648 Isaac

206 3697 245 3760 et
261 3687 374 3759 Jneob
395 3690 440 3760 ad
457 3691 659 3760 convIvium
683 3689 828 3762 coelcste
846 3693 997 3762 venturi.
1049 3690 1110 3763 Ne
1126 3713 1251 3784 pamm

204 3813 392 3887 metamus,
417 3804 611 3898 plmimum
636 3808 860 3878 semiuemus.
912 3807 1104 3878 Securitnti
1131 3831 1173 3878 uc
1198 3830 1252 3878 sa·

205 3920 272 3992 luti
306 3929 447 3994 aeternae
481 3922 567 3992 dum
599 3935 743 4016 tempus
781 3932 837 3993 est
868 3924 1102 4006 consulamus,
1138 3923 1251 3996 Paulo

157 4035 366 4130 anapestolo
390 4037 603 4108 admonente
628 4047 666 4108 et
691 4037 852 4108 dicente:
886 4036 984 4135 Idrpo
1011 4037 1093 4109 dnm
1119 4047 1358 4133 tempsanus.

205 4148 363 4224 hammus
380 4175 559 4248 mennae
574 4151 667 4248 qnod
686 4151 809 4224 mom
826 4161 875 4224 est
891 4153 939 4224 od
958 4175 1082 4236 omnes,
1099 4155 1251 4226 monime

205 4275 318 4340 nomm
343 4267 392 4340 od
414 4268 612 4341 domesticos
631 4269 731 4363 fidei.
781 4267 923 4342 Bonum
951 4277 1064 4340 antem
1078 4268 1250 4366 facientes

206 4405 276 4456 non
292 4383 497 4478 deficiomm.
552 4385 718 4481 Tempore
734 4388 823 4456 enim
841 4409 904 4458 sno
921 4393 1088 4457 meminus.

705 4521 756 4572 ss
