3316 5198
385 452 449 516 100
715 449 1110 516 TERTULLIANUS.

384 624 472 693 mins,
487 642 553 700 que
574 623 639 682 heia
661 643 719 681 non
742 623 884 694 nominat,
904 634 935 683 et
956 633 1054 682 temen
1076 622 1221 700 jamtum
1243 621 1364 700 periisse
1383 624 1433 681 vix

383 719 461 780 credi
476 719 578 799 possit.
621 719 718 779 Fuere
731 718 805 780 liber
818 720 854 779 de
869 721 977 779 Anima
992 719 1196 779 Summiesione
1211 720 1265 778 &o
1293 719 1352 792 (Ηί
1366 719 1434 779 libri

383 836 484 875 omnes
497 837 515 874 n
529 815 663 875 Fabricio
674 816 735 893 jam
749 836 837 896 snpra
851 817 1068 876 oommemornti
1081 816 1228 892 fuerunt.)
1270 816 1331 876 Tot
1343 815 1434 876 libro-

383 931 458 982 rum,
474 932 547 990 qnos
567 912 650 971 nobis
670 912 777 972 invidit
791 914 907 992 sequior
925 927 1002 982 etna,
1018 914 1043 973 si
1063 925 1135 973 tune
1155 934 1273 992 quoque
1293 915 1434 994 temporis

383 1029 442 1066 non
462 1009 638 1078 extitissent,
653 1009 756 1069 titulos
776 1012 880 1071 saltem
898 1012 1098 1092 Hieronymus
1118 1013 1265 1071 memorie
1286 1033 1432 1072 commen·

384 1102 489 1164 desset.
511 1105 728 1166 Vennensras.

423 1199 530 1274 1(Ηίο
557 1201 683 1281 deniqne
707 1202 903 1281 adjiciendum
928 1217 973 1266 est
998 1207 1029 1266 S.
1052 1205 1161 1265 Hilarii
1184 1206 1376 1272 Pistoriensis
1396 1206 1434 1268 de

384 1298 559 1358 Tertulliani
582 1299 658 1359 libro
684 1300 721 1360 de
745 1301 881 1361 Oratione
904 1303 1037 1382 proxime
1061 1314 1199 1363 secuturo
1221 1303 1433 1364 testimonium.

386 1393 434 1452 De
446 1394 586 1455 orationis
598 1399 773 1457 sacramenti
787 1399 953 1459 necessitate
974 1421 1024 1459 non
1044 1401 1251 1460 commentandi
1267 1401 1434 1480 Cyprianus

385 1490 430 1548 nir
449 1500 555 1550 nancta
575 1494 711 1553 memorie
732 1495 874 1556 liberavit.
919 1497 1089 1578 Quanquam
1105 1507 1130 1557 et
1149 1499 1347 1558 Tertullianus
1366 1497 1434 1557 linc

384 1587 509 1646 uolumen
533 1589 712 1668 aptissimum
737 1593 909 1672 scripenim
940 1594 991 1652 red
1015 1615 1187 1675 consequens
1208 1615 1290 1653 error
1312 1595 1434 1654 laminir

385 1684 511 1746 detraxit
531 1687 650 1766 scriptia
667 1688 867 1767 probabilibus
886 1693 1093 1751 auctoritatem.
1138 1692 1289 1753 Commeat.
1304 1692 1335 1751 n'n
1350 1690 1434 1749 Mat-

384 1781 493 1852 eleum,
509 1803 571 1864 nep.
586 1804 613 1843 v.
628 1804 658 1865 p.
673 1786 741 1861 630.
756 1787 828 1848 edit.
843 1788 1040 1864 Benedictio.)
