3316 5198
410 489 474 554 118
763 489 1106 556 u'ER'rULLIANJ

407 661 671 734 solemnitatem
688 665 934 758 dispungimur
950 662 1043 760 (sor.
1064 663 1292 736 solemnitate
1314 665 1459 760 dispun-

407 780 529 874 gitur).
582 779 752 854 Ceterum
775 782 871 851 omni
895 780 954 851 die
976 782 1054 874 quis
1071 781 1213 852 dubitet
1235 791 1458 875 prosternere

408 917 446 968 se
464 895 544 968 Deo
561 895 618 968 vol
642 898 755 991 prima
777 897 904 968 saltem
928 900 1185 990 orationeque
1207 896 1325 970 lucem
1342 901 1458 993 ingre-

408 1015 535 1085 dimur.
586 1013 738 1106 Jejuniis
763 1023 885 1086 autem
910 1025 948 1086 et
977 1015 1189 1086 stationibus
1219 1015 1318 1086 nulla
1345 1018 1457 1087 oratio

407 1131 483 1202 sine
499 1153 604 1225 genu,
622 1140 660 1201 et
676 1131 811 1224 reliquo
824 1130 1036 1202 humilitatis
1052 1155 1152 1202 more
1165 1131 1377 1204 celebranda
1390 1141 1483 1217 ests

409 1247 495 1319 Non
525 1250 620 1320 enim
646 1272 787 1321 oramus
813 1258 966 1330 tantum,
994 1251 1057 1320 sed
1086 1258 1125 1320 et
1151 1250 1391 1342 deprecamur,
1419 1258 1457 1320 et

407 1364 640 1436 satisfacimus
670 1364 750 1436 Deo
781 1366 937 1437 Domino
966 1374 1098 1437 nostro.
1150 1364 1208 1437 De
1237 1366 1457 1459 temporibus

407 1481 576 1551 orationis
604 1481 862 1552 nihilomnino
892 1483 1137 1575 praescriptum
1164 1491 1229 1566 est,
1254 1484 1322 1554 nisi
1352 1482 1457 1575 plane

408 1597 504 1666 omni
522 1598 558 1666 in
576 1605 737 1691 tempore
754 1607 792 1670 et
808 1597 887 1669 looo
905 1621 1014 1668 orare.

459 1712 531 1784 Sed
558 1715 736 1807 quomodo
763 1715 858 1786 omui
882 1714 971 1797 loeo,
1001 1737 1111 1806 quum
1142 1713 1392 1807 prohibeamur
1419 1715 1456 1784 in
1470 1745 1505 1784 ιο

345 1894 353 1910 ,
408 1829 575 1922 publico?
612 1829 726 1914 Omni,
748 1831 874 1923 inquit,
897 1831 997 1919 (lad
1015 1829 1106 1900 Tim.
1120 1830 1155 1899 ii.
1174 1831 1224 1922 8.)
1245 1825 1327 1912 loco,
1350 1851 1457 1922 quem

408 1946 661 2038 opportunitas,
679 1955 741 2017 aut
759 1949 867 2018 etiam
886 1949 1076 2018 neoossitos
1099 1947 1317 2039 importaret.
1371 1945 1457 2017 Non

407 2063 502 2132 enim
528 2070 652 2134 eontra
674 2072 892 2156 praeoeptum
917 2071 1104 2156 reputatur
1125 2063 1170 2134 ab
1193 2062 1362 2156 apostolis
1385 2063 1458 2132 iao·

406 2186 495 2261 tum,
514 2181 574 2270 qui
591 2180 629 2250 in
651 2203 790 2251 oaroere
814 2181 1039 2250 audientibus
1056 2179 1225 2251 custodiis
1248 2179 1396 2250 orabant
1418 2188 1457 2250 et

407 2295 582 2366 canebant
600 2293 689 2379 Deo,
700 2299 794 2390 apud
813 2295 965 2368 Paulum
978 2294 1070 2391 (sor.
1088 2304 1152 2366 aut
1168 2294 1316 2366 aPaulo
1329 2293 1503 2384 Mora-15

408 2411 503 2504 tori.)
522 2413 581 2504 qui
599 2413 636 2483 in
652 2413 734 2484 navi
751 2435 870 2483 eoram
887 2413 1051 2483 omnibns
1068 2412 1317 2483 eucharistiam
1334 2412 1430 2482 feeit.

360 2572 367 2588 ·
460 2527 518 2599 De
541 2537 701 2622 tempore
724 2552 808 2600 vero
831 2531 993 2600 nouerit
1017 2530 1131 2600 otiosa
1153 2530 1372 2600 extrinsecus
1395 2527 1457 2598 ob-

242 2603 398 2733 umbe
409 2647 561 2717 servatio
582 2647 690 2717 etiam
713 2646 877 2716 horarum
903 2647 1144 2739 quarumdam.
1197 2645 1351 2716 latarum
1377 2645 1457 2715 dieo

408 2763 661 2846 communium,
686 2786 769 2855 quae
798 2765 868 2834 diei
896 2764 1104 2855 interspatia
1129 2763 1245 2856 signat
1271 2759 1365 2857 (sor.
1388 2762 1458 2856 sig-

406 2882 519 2973 nant),
541 2880 657 2962 tertia,
679 2887 791 2962 sexto,
813 2901 915 2962 nona,
933 2901 1020 2971 quas
1042 2878 1272 2950 solemniores
1289 2879 1325 2947 in
1350 2879 1505 2970 scrip-20

406 2997 496 3068 turia
512 2997 671 3067 invenire
688 3003 752 3066 est.
805 2994 945 3066 Primus
966 2995 1119 3089 Spiritus
1140 2995 1293 3067 Sanetus
1309 3017 1457 3087 oongre-

405 3113 498 3207 gatis
521 3111 701 3205 discipulis
721 3112 809 3183 hora
833 3113 940 3183 tertia
963 3112 1099 3182 infusus
1122 3121 1177 3182 est
1200 3110 1301 3200 (Aet.
1318 3111 1354 3180 ii.
1373 3109 1455 3203 la).

407 3227 545 3311 Petrus,
568 3229 719 3321 quadie
742 3228 914 3299 visionem
938 3228 1203 3299 communitatis
1227 3227 1341 3298 omnis
1362 3223 1455 3321 (for.

406 3347 580 3437 omnium)
598 3347 635 3415 in
657 3344 718 3414 illo
736 3344 878 3415 vaseula
899 3353 1068 3438 expertus
1089 3352 1154 3428 est,
1172 3352 1276 3414 sexta
1296 3343 1383 3414 hora
1402 3365 1457 3414 ns·

406 3460 574 3532 oeuderat
591 3461 712 3531 orandi
734 3461 848 3554 gratia
868 3460 906 3529 in
927 3462 1117 3554 superiora.
1135 3459 1197 3549 (ib.
1215 3482 1251 3529 x.
1265 3461 1316 3551 9.)
1353 3458 1454 3530 Idem
1467 3493 1482 3532 2
1487 3491 1504 3551 5

406 3600 488 3648 oum
505 3578 645 3648 Joanne
661 3578 706 3647 ad
723 3598 853 3647 nonam
870 3578 908 3646 in
924 3576 1099 3670 templum
1117 3577 1248 3658 adibat,
1267 3575 1328 3664 (ib.
1339 3575 1388 3645 iii.
1405 3578 1455 3667 1.)

405 3694 467 3764 ubi
484 3692 716 3786 paralyticum
733 3693 876 3763 sanitati
898 3694 1103 3763 reformavit
1124 3715 1210 3762 suae.
1259 3691 1354 3762 Etsi
1372 3693 1456 3762 sim·

405 3809 546 3903 pliciter
578 3832 616 3881 se
645 3808 800 3880 habeant
829 3809 905 3880 sine
935 3808 1043 3880 ullius
1078 3807 1331 3880 observationis
1365 3831 1456 3900 prae·

406 3935 520 4019 cepto,
547 3926 680 3997 bonnm
711 3934 832 3996 tamen
862 3926 908 3995 sit
937 3923 1091 4017 aliquam
1121 3926 1338 3996 constituere
1365 3947 1457 4018 prae-

406 4045 631 4126 emtionem,
648 4065 719 4135 quo
741 4039 833 4138 (sor.
855 4045 951 4136 quae)
973 4052 1011 4112 et
1032 4043 1153 4114 orandi
1176 4043 1454 4114 admonitionem
1465 4075 1504 4133 30

407 4156 501 4253 (sor.
520 4160 775 4253 admonitione)
793 4160 1020 4254 constringat,
1039 4169 1076 4230 et
1093 4160 1191 4253 quasi
1213 4158 1293 4253 lege
1315 4160 1359 4229 ad
1382 4156 1455 4228 tale

405 4299 535 4346 munus
552 4283 762 4368 extorqueat
779 4299 801 4346 a
816 4276 968 4369 negotiis
986 4277 1185 4360 interdum
1211 4283 1253 4345 ut
1269 4275 1364 4366 quod
1383 4273 1456 4344 Da-

405 4389 488 4462 nieli
507 4389 657 4484 (vilo.)
675 4414 816 4483 quoque
834 4391 985 4485 legimns
1008 4391 1244 4473 observatum,
1262 4391 1388 4482 utique
1408 4411 1455 4460 ex
