3314 5190
414 447 479 510 328
524 445 555 509 S.
580 445 818 510 CYPRIANI
843 445 907 508 DE
931 444 1056 510 ZELO
1079 445 1145 510 ΕΤ
1170 445 1359 510 LIVORE.

415 620 509 713 quod
532 620 626 713 apud
652 619 834 690 Merrham
858 621 1007 714 profecit
1029 621 1066 690 in
1089 622 1246 714 imagine
1266 621 1310 692 ad
1335 625 1469 715 saporis

416 736 651 818 dulcedinem,
677 737 742 806 tibi
772 739 809 806 in
841 738 990 806 veritate
1018 736 1179 827 proficiat
1213 739 1258 808 ad
1286 737 1467 809 mulcendi

417 854 568 946 pectoris
603 852 797 936 lenitatem,
832 877 900 924 nec
932 853 977 923 ad
1011 852 1189 924 medelam
1221 856 1468 948 prosperandae

417 970 619 1040 valitudinis
640 969 824 1057 laborabis.
877 969 984 1041 Unde
1006 967 1210 1040 vulneratus
1232 970 1359 1054 fueras,
1382 970 1467 1042 inde

416 1111 551 1158 curare.
603 1085 700 1158 Ama
716 1110 776 1157 eos
799 1109 887 1179 quos
907 1094 991 1156 aute
1011 1086 1144 1168 oderas,
1162 1085 1271 1180 dilige
1294 1085 1374 1157 illos
1390 1087 1496 1179 qui-5

417 1205 483 1274 bus
500 1205 639 1296 injustis
662 1203 979 1274 obtrectationibus
1002 1201 1193 1272 invidebas.
1246 1201 1366 1273 Bonos
1388 1203 1468 1273 imi-

418 1328 502 1398 tare,
529 1321 558 1390 si
584 1321 710 1390 sectari
735 1327 847 1412 potes.
899 1317 938 1388 si
964 1318 1090 1388 sectari
1113 1339 1185 1388 nou
1210 1327 1323 1410 potes,
1348 1318 1467 1389 ccllae-

417 1445 493 1505 tare
519 1446 614 1506 certe
640 1445 677 1507 et
701 1433 945 1529 congratulare
970 1433 1184 1505 melioribus.
1237 1433 1309 1505 Fac
1336 1443 1374 1506 te
1397 1435 1467 1508 illis

416 1550 572 1622 adunata
594 1551 784 1621 dilectione
806 1552 1024 1643 participem,
1042 1551 1097 1620 fac
1121 1560 1159 1622 te
1182 1552 1359 1622 consortio
1380 1553 1467 1622 cari-

417 1670 501 1739 tatis
527 1677 564 1738 et
591 1667 821 1738 fraternitatis
851 1667 992 1738 n‘nculo
1022 1665 1273 1738 cohaerentem.
1336 1665 1467 1738 Dimit-
1481 1696 1517 1734 ιο

416 1792 538 1854 tentur
559 1785 624 1854 tibi
651 1785 782 1866 debita,
800 1785 940 1876 quando
962 1792 1000 1852 et
1023 1783 1098 1876 ipse
1121 1783 1315 1868 dimiseris;
1340 1785 1467 1876 accipi-

416 1909 522 1972 entur
539 1902 707 1972 sacrificia
728 1911 801 1983 tua,
819 1923 900 1970 oum
924 1899 1090 1991 pacificus
1107 1900 1152 1970 ad
1175 1899 1294 1970 Deum
1318 1903 1466 1972 veneris.

418 2017 550 2089 Sensus
572 2027 680 2110 atque
706 2025 807 2088 actus
824 2018 877 2086 tui
902 2017 1070 2086 divinitus
1094 2017 1299 2110 dirigentur,
1325 2019 1466 2110 quando

416 2159 460 2206 ea
475 2159 556 2228 quae
574 2136 693 2205 diviua
717 2143 754 2204 et
773 2135 872 2226 justa
895 2141 977 2203 sunt
1003 2133 1221 2227 cog'taveris
1244 2135 1336 2204 sicut
1360 2135 1467 2226 scrip-

275 2259 386 2307 τον-πί·
417 2261 496 2322 tum
522 2261 595 2322 est:
634 2249 706 2324 Cor
730 2251 801 2322 oiri
826 2249 947 2346 cogitet
961 2247 1070 2341 justu,
1096 2257 1134 2320 ut
1159 2247 1353 2320 cDomiao
1378 2248 1511 2340 diri-15

411 2377 542 2465 panton·
562 2391 700 2464 'pressae
724 2367 806 2460 ejue
859 2367 982 2437 Habes
1006 2375 1127 2437 autem
1156 2366 1272 2438 multa
1300 2391 1379 2459 quae
1407 2393 1466 2440 co-

414 2485 517 2578 gites.
569 2484 775 2555 Paradisum
806 2484 933 2576 cogita,
964 2508 1035 2576 quo
1061 2485 1150 2556 Cain
1180 2508 1251 2556 non
1277 2489 1379 2570 redit,
1405 2490 1465 2580 qui

415 2600 493 2671 zelo
519 2601 662 2670 fratrem
689 2601 849 2692 peremit.
902 2600 1030 2694 Cogita
1059 2601 1203 2672 coeleste
1233 2625 1393 2696 regnum,
1420 2603 1465 2674 ad

415 2717 509 2808 quod
537 2739 609 2786 non
634 2717 700 2786 uisi
728 2716 918 2787 concordes
946 2724 1054 2808 atque
1082 2718 1266 2788 unanimes
1290 2717 1466 2790 Dominus

415 2833 583 2904 admittit.
635 2833 764 2927 Cogita
790 2833 884 2924 quod
908 2833 971 2903 lilii
996 2832 1065 2902 Dei
1092 2833 1129 2903 hi
1155 2833 1220 2904 soli
1245 2837 1380 2926 possint
1404 2861 1515 2911 vo-ro

415 2953 485 3021 cari
512 2953 572 3043 qui
598 2952 669 3021 sint
694 2950 840 3043 pacifici,
857 2950 917 3041 qui
944 2951 1132 3019 nativitate
1157 2949 1292 3022 coelesti
1321 2961 1359 3022 et
1383 2951 1465 3046 lege

415 3068 535 3138 divina
563 3067 608 3138 ad
637 3065 905 3138 similitudinem
937 3064 1005 3135 Dei
1037 3065 1152 3138 Patris
1181 3077 1219 3137 et
1249 3065 1380 3138 Christi
1411 3091 1465 3140 re·

327 3187 331 3196 '
416 3185 612 3275 spondeant
628 3173 783 3254 adunati.
835 3181 963 3274 Cogita
979 3181 1045 3250 sub
1062 3181 1173 3252 oculis
1192 3181 1261 3252 Dei
1278 3207 1343 3254 nos
1360 3192 1463 3266 stare,

414 3308 598 3392 spectante
625 3321 667 3370 ac
685 3300 871 3391 judicante
896 3300 972 3390 ipso
1002 3300 1277 3372 conversationis
1307 3324 1349 3372 ac
1379 3303 1463 3370 vitae

414 3423 545 3486 nostrae
572 3414 745 3485 curricula
773 3416 969 3498 decurrere,
996 3419 1180 3508 pervenire
1205 3439 1269 3487 nos
1294 3427 1381 3488 tunc
1403 3417 1515 3502 de-25

413 3552 513 3600 mum
536 3552 638 3622 posse
661 3538 702 3599 ut
725 3553 808 3600 eum
831 3531 951 3602 videre
967 3533 1160 3626 contingat,
1178 3535 1206 3604 si
1229 3535 1346 3625 ipsum
1369 3555 1464 3604 nunc

414 3647 594 3716 videntem
619 3643 838 3716 delectemus
864 3647 1003 3718 actibus
1027 3649 1166 3732 nostris,
1193 3649 1222 3718 si
1249 3671 1313 3718 nos
1338 3647 1465 3742 dignos

412 3763 527 3855 gratia
556 3762 631 3854 ejus
661 3770 699 3832 et
728 3762 950 3855 indulgentia
978 3764 1210 3855 praebeamus,
1241 3766 1269 3834 si
1300 3763 1464 3856 placituri

413 3901 553 3974 semper
568 3881 605 3950 in
623 3902 742 3974 regno,
760 3880 797 3950 iu
813 3879 882 3951 hoc
899 3880 1033 3950 mundo
1050 3890 1133 3952 aute
1149 3879 1362 3973 placeamus.
