3314 5190
386 400 451 468 270
763 400 798 462 S.
822 397 1061 464 CYPRIANI

388 575 533 646 Latium
551 573 596 644 dc
613 573 750 645 latebra
766 574 842 666 ejus
865 597 997 646 nomen
1013 574 1161 667 accepit.
1209 571 1282 645 Hic
1298 572 1436 646 litteras

386 689 598 782 imprimere,
614 689 674 762 hio
697 691 834 786 signare
856 713 1021 762 nummos
1038 691 1076 760 in
1099 689 1206 762 Italia
1226 690 1361 785 primus
1382 691 1437 760 in-

385 809 523 891 stituit3
548 807 631 878 inde
656 809 820 880 aerarium
846 807 991 880 Saturni
1015 814 1171 878 vocatur.
1224 805 1274 877 Et
1297 806 1436 877 rustici-

385 922 470 994 tatis
498 923 557 994 hic
586 922 704 995 cultor
731 924 820 1008 fuit;
854 924 938 994 inde
963 921 1091 994 falcem
1119 921 1236 992 ferens
1265 921 1433 1016 pingitur.

385 1036 495 1108 Hunc
516 1037 679 1132 firgatum
701 1038 855 1132 hospitio
878 1038 991 1110 Janus
1017 1045 1228 1131 exceperat;
1263 1036 1308 1107 de
1333 1037 1459 1130 cujuss

383 1155 528 1226 nomine
550 1153 756 1226 Janiculum
780 1156 915 1227 dictum
939 1162 1004 1237 est,
1028 1162 1066 1224 et
1085 1154 1217 1224 mensis
1243 1151 1433 1225 Januarius

384 1270 569 1342 institutus
602 1278 667 1343 est.
724 1271 805 1364 Ipse
844 1270 978 1341 bifrons
1012 1268 1233 1362 exprimitur,
1266 1269 1362 1360 quod
1394 1269 1432 1339 in

384 1389 502 1458 medio
523 1388 738 1458 constitutus
761 1410 894 1458 annum
917 1387 1147 1479 incipientem
1169 1383 1302 1477 pariter
1323 1393 1361 1456 et
1377 1407 1432 1456 re·

383 1506 571 1575 cedentem
596 1511 754 1597 spectare
774 1504 945 1574 videatur.
998 1500 1118 1574 Mauri
1139 1522 1224 1571 vero
1243 1501 1432 1574 manifeste

381 1642 482 1714 reges
495 1619 627 1704 colunt,
638 1643 705 1690 nec
715 1617 790 1689 ullo
802 1618 1005 1689 velamento
1017 1617 1086 1688 hoc
1099 1639 1230 1688 nomen
1240 1615 1429 1688 obtexunt.
1442 1641 1480 1682 10

432 1735 483 1806 II.
512 1737 603 1807 Inde
629 1759 693 1830 per
716 1744 842 1830 gentes
867 1742 905 1806 et
931 1735 1127 1828 provincias
1154 1731 1308 1827 singulas
1334 1735 1431 1806 varia

381 1853 528 1923 deorum
550 1850 674 1946 religio
696 1858 865 1933 mutatur,
883 1851 968 1920 dum
985 1873 1057 1919 non
1079 1871 1172 1919 unus
1194 1849 1239 1919 ab
1264 1850 1428 1923 omnibus

381 1966 480 2040 Deus
507 1967 645 2051 colitur,
671 1966 733 2038 sed
757 1967 897 2059 propria
924 1965 1051 2057 cuique
1080 1965 1253 2058 majorum
1283 1987 1428 2036 suorum

380 2084 519 2154 cultura
543 2092 711 2156 servatur.
755 2081 838 2153 Hoc
863 2083 914 2151 ita
938 2102 1014 2151 esse
1043 2078 1252 2152 Alexander
1278 2103 1428 2176 magnus

379 2199 508 2292 insigni
525 2199 705 2270 volumine
726 2199 770 2269 ad
793 2206 945 2268 matrem
967 2218 1067 2267 suam
1089 2196 1220 2279 scribit,
1237 2204 1337 2268 metu
1355 2220 1426 2268 suae
1438 2231 1450 2272 1
1454 2227 1474 2292 ς

378 2316 564 2406 potestatis
590 2315 770 2408 proditum
797 2315 863 2384 sibi
888 2315 932 2384 de
956 2314 1021 2382 diis
1043 2312 1246 2384 hominibus
1269 2336 1290 2384 a
1312 2337 1426 2385 sacer·

377 2429 461 2500 dote
491 2438 676 2511 secretum,
706 2431 800 2521 quod
827 2431 1001 2522 majorum
1031 2436 1068 2499 et
1097 2452 1221 2523 regum
1254 2433 1426 2503 memoria

377 2553 515 2616 servata
536 2546 606 2628 sit;
631 2546 714 2615 inde
740 2544 879 2616 colendi
903 2555 941 2616 et
964 2545 1180 2616 sacrificandi
1202 2546 1291 2616 ritus
1314 2545 1425 2616 inole-

375 2662 476 2730 verit.
533 2659 571 2731 Si
601 2669 722 2732 autem
752 2660 940 2753 aliquando
970 2663 1018 2733 dii
1044 2663 1118 2732 nati
1145 2670 1237 2744 sunt,
1264 2685 1327 2732 cur
1350 2685 1423 2733 non

374 2777 550 2868 hodieque
566 2777 782 2848 nascuntur?
809 2777 891 2848 Nisi
908 2780 938 2848 si
955 2779 1046 2849 forte
1063 2776 1206 2871 Jupiter
1219 2779 1345 2860 senuit,
1359 2786 1423 2850 aut
1433 2806 1472 2847 ιο

374 2903 495 2987 partus
515 2896 553 2964 in
575 2894 718 2965 Junone
742 2895 882 2966 defecit.
925 2895 999 2965 Cur
1021 2916 1104 2965 vero
1127 2896 1212 2966 deos
1233 2905 1338 2990 putas
1357 2919 1421 2989 pro

374 3010 543 3081 Romanis
568 3034 680 3104 posse,
703 3034 791 3103 quos
814 3008 933 3081 videas
958 3009 1046 3080 nihil
1071 3033 1135 3102 pro
1161 3012 1232 3082 suis
1254 3009 1420 3084 adversus

372 3149 494 3198 comm
511 3150 609 3198 arma
630 3126 803 3198 valuisse?
835 3127 1076 3198 Romanorum
1097 3127 1192 3196 enim
1214 3128 1419 3200 vernaculos

372 3243 457 3313 deos
474 3245 647 3313 novimus.
697 3243 763 3312 Est
777 3242 951 3313 Romulus
968 3244 1148 3336 pejerante
1162 3225 1313 3314 Proculo
1331 3246 1418 3316 deus

371 3359 494 3441 factus,
513 3367 550 3428 et
568 3359 683 3442 Picus,
702 3366 739 3428 et
755 3359 950 3441 liberium,
964 3365 1001 3428 et
1012 3356 1207 3441 Pilumnus,
1219 3365 1256 3430 et
1269 3359 1416 3444 Consus,
1428 3385 1465 3448 ²5

370 3497 476 3566 quem
507 3473 613 3544 deum
643 3474 784 3556 fraudis,
814 3472 914 3544 velut
943 3474 1169 3545 consiliorum
1199 3475 1316 3559 deum,
1347 3475 1417 3548 coli

371 3589 544 3661 Romulus
578 3589 701 3672 voluit,
734 3599 922 3682 postquam
955 3592 992 3661 in
1026 3599 1167 3684 raptum
1205 3591 1416 3664 Sabinarum

368 3707 514 3800 perfidia
536 3708 707 3799 provenit.
759 3705 876 3777 Deam
901 3730 1041 3800 quoque
1068 3706 1271 3778 Cloacinam
1293 3709 1416 3781 Tatius

367 3832 405 3894 et
430 3825 566 3894 invenit
591 3831 629 3892 ot
653 3820 774 3905 coluit,
801 3823 975 3893 Pavorem
1002 3823 1178 3895 Hostilius
1202 3833 1310 3916 atque
1334 3824 1416 3896 Pal·

366 3938 488 4009 lorem.
536 3937 629 4008 Mox
650 3961 672 4009 a
692 3941 810 4010 nescio
832 3962 902 4031 quo
925 3938 1047 4009 Febris
1065 3940 1235 4022 dedicata,
1253 3949 1291 4012 et
1314 3939 1466 4026 Acca30

367 4066 404 4126 et
421 4055 526 4126 Flora
541 4057 755 4126 meretrices.
791 4055 842 4124 Hi
860 4057 909 4125 dii
927 4054 1089 4125 Romani.
1120 4056 1297 4128 Caeterum
1312 4057 1413 4130 Mars

365 4172 543 4253 Thracius,
569 4179 606 4242 et
631 4171 774 4264 Jupiter
803 4170 974 4253 Creticus,
1000 4180 1038 4242 et
1064 4170 1161 4242 Juno
1189 4171 1245 4243 vel
1276 4172 1413 4267 Argiva

366 4292 421 4363 vel
450 4287 568 4360 Samia
594 4287 650 4357 vel
675 4287 794 4369 Poena,
816 4297 854 4357 et
874 4285 991 4357 Diana
1015 4287 1172 4371 Taurica,
1197 4296 1236 4359 et
1263 4292 1411 4362 deorum
