3310 5224
345 436 397 501 IN
422 438 453 501 S.
471 434 748 500 POLYCARPI
772 435 1063 500 EPISTOLAM.
1187 439 1226 502 31

181 631 257 673 num
282 609 405 694 aliquot
432 608 611 694 Polycarpi,
637 615 727 672 extet
752 607 788 671 ι’τι
805 617 987 693 acumem
1011 608 1093 672 diem
1112 630 1171 694 pro
1196 611 1232 674 iu

175 696 332 782 proeseuti,
354 695 439 759 idem
460 694 614 758 revocavi.
659 693 812 758 Fortasse
833 693 917 758 enim
943 693 1113 779 scripserat
1136 694 1231 782 Poly-

182 803 306 866 carpum,
328 780 364 845 ῦν
382 781 471 864 μέχρι
490 786 543 845 τοῦ
561 782 710 863 παρόντος
728 782 798 858 ὑμῖν
818 779 997 859 aalma,
1014 781 1062 844 καὶ
1082 785 1136 844 νῦν
1151 783 1232 846 συνί-

183 893 279 948 στημι.
325 867 388 932 Sed
404 873 567 953 comparet
585 867 618 930 in
634 865 732 930 MSto
746 871 858 929 nostro
874 866 911 929 M
955 866 1115 931 delenensi
1129 867 1233 932 altera

182 953 287 1031 lectio,
303 954 338 1016 τ’τι
346 955 519 1038 proescuti,·
536 958 727 1037 vertuntque
740 950 880 1015 Wakius
891 959 924 1016 et
962 952 1186 1030 lementsonus,
1199 961 1233 1018 et

183 1039 417 1116 Ohevullierius,
443 1041 479 1103 iu
501 1039 548 1103 tlte
571 1048 694 1124 present
718 1038 830 1124 aputu,
853 1039 888 1102 iu
956 1039 1060 1102 maenti
1082 1039 1230 1124 ορῦίοῦυι

183 1125 302 1190 rectius
316 1132 433 1203 autem
450 1125 482 1190 ui
497 1125 599 1202 fallor,
615 1124 714 1189 habet
729 1124 843 1190 (levius
857 1124 903 1187 lut
984 1147 1095 1210 ,usque
1109 1125 1231 1198 adbuc,-

184 1211 282 1276 vertit
305 1211 454 1275 Elborow
469 1211 630 1295 formul,
655 1211 735 1274 clim.
775 1209 906 1274 Habere
929 1233 1003 1274 vero
1031 1211 1104 1275 MS.
1131 1211 1234 1275 Medi-

184 1297 350 1362 ceoLaur.
377 1297 565 1362 Versiouem
637 1305 663 1361 t.
686 1296 889 1361 exhibentem
910 1297 945 1361 ι’τι
963 1298 1113 1382 praesenti
1135 1298 1233 1361 refert

184 1384 224 1448 cl.
245 1383 270 1445 J
271 1384 456 1462 acobsonus‚
476 1383 529 1469 qui
551 1391 660 1448 tamen
679 1403 782 1448 meam
804 1381 972 1447 lectionem
993 1383 1026 1446 in
1048 1389 1234 1448 contextum

184 1476 314 1619 molliiid.
327 1555 347 1618 l.
364 1576 373 1617 1
379 1575 411 1640 3.
431 1556 536 1620 Credo
550 1555 626 1640 qnia
640 1563 674 1620 et
688 1554 778 1620 vobis
792 1575 863 1618 eum
879 1554 1037 1640 similiter]
1059 1557 1147 1641 Apte
1162 1578 1235 1620 con-

185 1641 249 1705 fert
262 1641 287 1703 J
288 1643 475 1717 scobsonus,
494 1661 508 1704 1
523 1642 591 1706 Por.
607 1664 636 1706 v.
653 1661 701 1719 10,
724 1644 784 1705 Διὸ
799 1647 966 1705 Σιλουανοῦ
980 1643 1048 1722 ὑμῖν
1062 1647 1114 1705 τοῦ
1128 1647 1235 1706 πιστοῦ

186 1728 330 1808 ἆῦελφοῦ,
348 1729 386 1794 ὡς
399 1729 567 1808 λογίζομαι.

232 1812 314 1877 Ibid.
329 1813 351 1876 l.
368 1831 418 1898 15.
436 1812 614 1878 Incolumes
629 1820 733 1878 estote
747 1811 780 1875 in
796 1813 934 1878 Domino
951 1813 975 1876 J
977 1834 1032 1876 esu
1048 1811 1186 1888 Christo,
1202 1811 1236 1874 in

245 1899 301 1975 tis,
314 1921 386 1964 cum
397 1899 543 1964 omnibus
553 1899 682 1983 vestris]
708 1897 747 1961 In
760 1897 877 1964 Latino
888 1899 995 1964 codice
1008 1899 1047 1962 D.
1059 1897 1236 1962 Alexandri

217 1985 313 2050 etavii
335 1992 408 2050 tota
429 2008 447 2050 e
469 1985 564 2050 istola
585 1985 633 2050 ita
654 1984 871 2050 concluditur:
907 1984 1077 2049 Incolumes
1097 1993 1182 2048 estote
1202 1984 1237 2048 ι’τι

187 2071 320 2136 Domino
340 2072 417 2136 Jesu
441 2009 580 2145 dimam·
604 2081 633 2136 et
650 2071 757 2156 ρταίὶα
778 2071 877 2156 ipsius
899 2093 967 2135 cum
989 2067 1125 2134 comibus
1145 2068 1235 2134 codis

189 2155 300 2220 Ussrr.
348 2157 501 2222 Fortasse
527 2159 639 2222 Graece
664 2156 906 2222 constituendus
934 2157 968 2220 in
997 2157 1080 2220 hunc
1106 2156 1236 2220 modum

188 2249 278 2308 totus
291 2243 379 2308 locus
393 2251 463 2318 est3
484 2241 641 2326 Ἐῤῥυσθε
656 2246 690 2307 ἔν
707 2245 803 2327 Κυρίῳ
817 2241 919 2321 Ἰησοῦ
933 2244 1064 2328 Χριστῷ,
1076 2244 1110 2307 ἐν
1126 2241 1235 2326 χάριτι,

187 2333 264 2410 μετὰ
277 2329 397 2395 πάντων
411 2335 470 2392 τῶν
483 2329 640 2411 ὑμετέραν.
680 2329 825 2393 Verbum
839 2329 924 2394 enim
938 2329 1071 2411 ἔρρωσθε
1085 2329 1127 2392 ab
1143 2327 1237 2414 Igna-

189 2415 236 2481 tio
258 2416 291 2479 in
312 2415 375 2479 fine
389 2414 595 2500 epistolarum
615 2437 698 2501 saepe
720 2415 861 2500 positum
879 2422 949 2487 est;
975 2421 1009 2479 et
1032 2414 1144 2478 Glossoe
1173 2415 1237 2479 Vct.

188 2501 318 2579 habent,
333 2499 529 2584 Ἐῤῥωμέυος,
545 2501 677 2579 celidros,
693 2501 875 2565 incolumis:
903 2508 937 2566 et
953 2500 1132 2578 Incolumis,
1150 2502 1237 2583 ἔρρω-

189 2586 288 2668 advos,
314 2587 409 2670 ὑγιὴς,
436 2589 578 2669 ἀκαίρως,
604 2594 694 2660 σῶος,
721 2588 827 2669 ἄρτιος.
874 2586 1019 2671 Denique
1048 2608 1107 2671 pro
1133 2588 1239 2651 oestrus

190 2673 293 2737 minus
306 2679 383 2759 apte
398 2673 497 2738 habet
510 2673 620 2738 metris
635 2672 706 2737 MS.
724 2673 865 2758 Magdul.
902 2673 983 2737 Haec
998 2673 1237 2738 adnotaveram.

190 2757 283 2824 Nunc
317 2780 391 2824 vero
425 2759 510 2823 delet
539 2759 728 2844 perticulam
757 2759 793 2822 in
820 2766 897 2823 ante
923 2780 1031 2823 vocem
1059 2759 1174 2823 θτατία
1199 2758 1238 2822 cl.

189 2843 213 2908 J
214 2845 400 2922 acobsonus,
417 2845 721 2930 imprimeudumque
736 2845 867 2923 curavit,
887 2845 1001 2909 Gratia
1019 2867 1087 2908 cum
1105 2843 1241 2909 οουπίῦυα

190 2931 305 2996 cestria.
350 2931 507 2996 Attamen
530 2953 590 3018 ego
615 2931 730 2996 veteris
759 2930 944 3032 interpretis
972 2931 1175 3008 auctoritate,
1203 2937 1240 2995 ut

191 3017 223 3080 in
247 3017 406 3082 sententia
426 3024 575 3103 perstem,
602 3017 760 3094 inductus,
787 3015 933 3082 simrliter
959 3017 1149 3081 scribentem
1171 3017 1240 3101 jam

190 3102 282 3167 video
311 3104 492 3204 apostolum
521 3103 566 3167 ad
598 3103 790 3177 Tiuwtltcum,
819 3105 982 3180 ἐνδυναμοῦ
1008 3105 1042 3167 ἓν
1067 3105 1101 3181 τῇ
1130 3102 1238 3186 χάριτι,

194 3189 367 3253 2Tim.1i.
392 3209 421 3252 1.
477 3189 588 3254 Habet
619 3188 764 3275 Ignatius
815 3209 918 3272 uoque
947 3187 1009 3252 fine
1038 3189 1169 3274 epistole
1197 3188 1243 3252 ad

192 3276 373 3360 Smymoeos,
399 3274 557 3358 Ἔρρωσθε
586 3277 619 3339 ἐν
644 3275 754 3358 χάριτι.
842 3295 879 3338 oc
906 3273 1041 3358 denique
1073 3274 1112 3337 de
1143 3274 1240 3338 inter·

214 3361 373 3426 rotatione
393 3363 507 3426 Graeca
524 3361 620 3438 verbi,
637 3361 807 3425 Incolume
822 3369 915 3436 estote,
932 3360 1058 3437 addam,
1075 3361 1159 3444 quod
1178 3381 1241 3444 quo

192 3383 264 3512 ibeo
289 3447 432 3532 epistoloe
462 3447 542 3512 salso
571 3447 666 3512 dictae
694 3446 812 3532 Ignatii
838 3445 883 3510 od
907 3445 1103 3509 Antiochenses
1128 3452 1241 3509 extant

193 3531 265 3610 ista,
276 3531 434 3616 Ἔρρωσθε
450 3538 521 3618 Θεῷ
537 3535 586 3597 καὶ
605 3537 736 3618 Χριστῷ,
751 3531 975 3614 πεφορτισμένοι
991 3536 1031 3617 τῷ
1051 3533 1125 3616 ἁγίῳ
1141 3533 1239 3595 Πνεῦ-

192 3644 272 3698 ρατι,
285 3641 324 3683 eo
339 3620 467 3684 demum
486 3619 531 3683 sic
550 3619 648 3684 vertit
667 3627 759 3683 vetus
781 3618 952 3703 Interpres‚
969 3617 1138 3684 [aarum
1156 3626 1241 3681 cacto

193 3705 259 3770 Dec
270 3715 297 3771 ct
314 3705 441 3784 olma,
458 3705 627 3771 ι’ἰὶυτυίοαέὲ
642 3705 767 3790 Spiritu
782 3706 903 3769 Samo.
922 3704 953 3785 ξ.
965 3703 1023 3767 ult.
