3310 5224
358 483 409 547 IN
434 483 466 547 S.
483 482 760 548 POLYCARPI
785 482 1076 547 EPISTOLAM.
1197 487 1241 555 99

194 668 284 722 “cum
298 655 479 721 ciuilium
492 676 522 720 te
541 653 580 720 ab
597 654 747 732 avaritia,
762 653 876 719 habuit
893 657 1077 734 πλεονεξίας.
1118 655 1240 722 Vemm

193 751 212 780 “
223 765 351 808 sensum
362 741 483 827 optime
497 740 638 806 illustret
650 740 798 806 Suicerns
809 763 827 805 e
838 739 937 805 Olem.
949 741 1167 806 Alex.Strom.
1175 742 1238 806 Ill.

193 827 1241 1000 31lzt⁶tttilll‘ll.ll;ltil⁷1.?.l”;l².ltl.‘‡.l{lille

194 1011 322 1066 “uxore
337 1022 401 1064 non
412 1005 651 1076 esteontentus,
667 1000 724 1063 sed
770 997 842 1064 iens
855 999 916 1063 sibi
927 1000 1084 1064 vendicat.
1130 1001 1241 1086 Atque

195 1097 214 1125 “
229 1088 277 1153 ita
301 1087 384 1152 hanc
408 1107 516 1150 vocem
539 1084 752 1170 recipiendam
777 1107 846 1149 esse
869 1085 937 1149 vult
959 1086 997 1150 cl.
1022 1085 1174 1150 Heinsius
1198 1087 1241 1151 ad

194 1182 215 1210 “
226 1173 308 1258 Eph.
319 1195 347 1237 v.
360 1191 392 1257 3.
414 1172 534 1236 Suicer.
550 1171 583 1235 in
598 1193 665 1237 voc.
677 1170 866 1250 πλεονεξίο.”
907 1171 1019 1256 Neque
1033 1172 1136 1258 magis
1150 1173 1240 1238 dubi-

193 1259 287 1326 tabat
301 1259 376 1323 olim
391 1258 592 1336 pearsonius,
609 1258 685 1343 quin
699 1257 836 1322 moechia
854 1264 1020 1342 peecatum
1035 1259 1132 1323 luent
1147 1259 1241 1344 hujus

195 1345 351 1410 Valentis.
375 1344 451 1407 Vid.
486 1344 648 1408 Vindicius
665 1344 733 1429 ejus
757 1344 951 1429 Ipnatiaaus,
973 1352 1055 1429 part.
1068 1345 1112 1408 ll.
1129 1367 1197 1431 cap.
1210 1347 1240 1408 8.

192 1455 225 1519 P·
239 1431 495 1601 ἰξίςᾶ.ῖάοξᾟί
509 1516 586 1580 estis
600 1515 633 1580 in
648 1514 802 1615 principio
822 1515 965 1600 epistola
980 1517 1061 1600 ejus]
1088 1517 1242 1602 Supplere

194 1604 263 1668 vult
276 1602 420 1668 Smitbus
435 1601 566 1675 nudati,
580 1602 628 1666 vel
639 1601 801 1686 quippiam
815 1601 889 1666 tale.
921 1602 1005 1666 Vide
1016 1624 1114 1687 supra
1128 1625 1195 1688 cap.
1215 1625 1239 1667 ι.

239 1690 276 1753 Ρ.
293 1708 340 1772 19.
357 1688 376 1752 l.
388 1706 420 1773 5.
438 1695 472 1753 at
487 1687 563 1753 nihil
578 1709 633 1751 vos
647 1688 756 1772 latet]
771 1687 831 1751 Ait
847 1687 878 1752 S.
888 1687 1033 1752 Joannes
1047 1689 1080 1752 in
1090 1689 1241 1774 Epistola,

197 1777 256 1840 Καὶ
284 1777 367 1855 ὑμεῖς
391 1776 506 1858 χρίσμα
532 1775 617 1858 ἔχετε
644 1773 702 1838 ἀπὸ
731 1779 784 1836 τοῦ
809 1775 906 1855 ἁγίου,
934 1775 982 1838 καὶ
1007 1777 1107 1839 οἴδατε
1132 1775 1241 1849 πάντα,

199 1883 212 1926 1
231 1861 327 1926 Jocn.
343 1860 376 1925 ii.
395 1879 446 1926 20.
492 1859 603 1926 Verba
617 1865 734 1938 antem
759 1881 829 1944 quae
851 1866 1035 1944 sequuntur,
1050 1861 1243 1924 mittentem

195 1969 255 2012 nou
268 1956 310 2012 at
324 1967 489 2012 commum
503 1946 597 2024 moda,
610 1949 825 2026 πορενθετικῶς
839 1945 946 2030 posita
956 1945 1112 2010 videntur.
1154 1946 1242 2033 Apte

196 2033 329 2119 adponit
343 2032 380 2097 cl.
395 2032 598 2098 Jacobsonus
620 2031 739 2116 Ignatii
760 2031 865 2107 verba,
881 2033 943 2116 ap.
958 2032 1003 2096 cul
1015 2032 1127 2117 Epioe.
1144 2034 1174 2115 ξ.
1192 2053 1241 2114 14.

196 2119 254 2186 Ὡς
268 2119 355 2184 οὐδὲν
369 2117 515 2184 λάνθανει
528 2121 610 2198 ὑμᾶς.

241 2205 322 2269 Ibid.
338 2204 359 2268 l.
377 2223 427 2288 23.
453 2205 501 2268 sal
522 2207 559 2268 τὰ
584 2200 652 2284 παρ’
677 2203 759 2281 ὑμῶν
781 2204 949 2282 &canopica
973 2203 1141 2284 γράμματα,
1168 2207 1243 2286 ὅπερ

196 2291 325 2376 ποιήσω]
343 2290 409 2355 Pro
419 2292 500 2371 ὑμῶν
515 2290 548 2354 in
560 2288 740 2374 Nicephoro
750 2295 785 2352 et
795 2288 984 2372 quibusdam
997 2290 1127 2354 Eusebii
1138 2313 1242 2356 exem-

195 2376 337 2463 plaribus
347 2376 464 2525 legitur
473 2377 564 2456 ἡμῶν,
577 2375 662 2460 quod
673 2381 706 2438 et
718 2373 853 2438 Rufinus
863 2381 991 2439 secutus
999 2375 1095 2440 luisse
1106 2377 1241 2456 videtur,

197 2485 294 2548 quum
315 2463 372 2526 red
395 2462 465 2537 idit,
485 2462 605 2546 deserat
624 2461 741 2524 litteras
762 2460 807 2523 ad
826 2481 884 2536 cos,
900 2468 934 2524 et
955 2461 1122 2547 Polycarpi
1139 2463 1243 2528 Vetus

198 2550 360 2633 Interpres
375 2569 472 2648 quum
491 2547 597 2624 vertit,
617 2546 738 2630 deseras
756 2545 873 2610 litteras
891 2567 980 2624 mm,
996 2569 1072 2632 quus
1081 2550 1186 2633 secero
1200 2549 1245 2612 ad

197 2657 254 2712 ees,
276 2634 324 2698 ita
345 2655 428 2698 emm
451 2633 537 2708 illud,
559 2636 632 2714 ὅπερ
654 2631 778 2710 ποιήσω,
795 2632 970 2717 exprimere
988 2633 1135 2709 volebet3
1158 2635 1243 2720 quod

196 2743 259 2784 non
279 2720 534 2785 animadvertens
553 2718 577 2781 J
579 2740 697 2782 oannes
718 2717 825 2782 Faber
841 2719 976 2803 (primus
990 2719 1110 2798 editor)
1126 2741 1202 2806 quaa
1216 2730 1244 2785 at

196 2807 305 2870 dedero
319 2807 364 2870 ad
377 2827 434 2879 vos,
450 2804 501 2868 hic
517 2803 692 2880 substituit,
709 2810 821 2868 eontra
835 2805 993 2868 manuscri
1016 2811 1123 2869 terum
1138 2806 1242 2870 fidem.

198 2893 263 2956 Ubi
287 2900 394 2955 tamen
418 2899 451 2955 et
474 2899 617 2954 nostrum
640 2891 723 2954 hunc
746 2890 924 2975 polycarpi,
941 2898 975 2956 et
1028 2892 1127 2956 usebii
1147 2893 1244 2957 inter·

220 2986 320 3042 retem
347 2977 497 3040 Rufinum
523 2977 691 3076 deceptum
715 2975 811 3040 luisse
832 2983 976 3060 apparet,
999 2977 1040 3040 de
1062 2977 1178 3042 litteris
1200 2979 1244 3043 ad

197 3001 418 3149 l’hilippenses
447 3061 624 3126 deferendis
648 3062 712 3126 ista
737 3061 952 3146 accipientem,
980 3083 1052 3126 cnm
1080 3065 1123 3127 ad
1149 3065 1244 3128 Anti-

198 3150 336 3214 ochenos
358 3149 471 3214 dandas
494 3148 610 3212 littelae
634 3147 733 3212 intelli
776 3155 871 3222 ntur;
896 3147 1005 3212 veleb
1027 3148 1104 3233 ipsis
1125 3148 1244 3250 Philip-

198 3235 357 3321 pansibus,
373 3235 400 3299 si
422 3233 490 3315 παρ’
512 3236 602 3313 ὑμῶν,
619 3233 702 3297 vela
725 3169 902 3318 liilycarpo
922 3240 955 3297 et
978 3233 1149 3320 Smyrnaeis
1169 3257 1242 3302 suis.

199 3321 225 3386 si
240 3320 308 3401 παρ’
323 3323 415 3400 ἡμῶν,
428 3320 479 3384 hic
490 3319 657 3404 legendnm
668 3318 772 3382 lussit.
796 3319 888 3400 Quod
902 3319 1060 3402 posterius
1070 3342 1110 3384 ex
1127 3320 1244 3405 Ignatii

198 3407 303 3471 verbis
317 3407 377 3471 illis
392 3406 425 3470 in
440 3405 575 3491 epistola
589 3405 631 3470 ad
651 3404 831 3489 Smymaeos
850 3403 1085 3469 firmamentum
1108 3406 1242 3492 accipit:

199 3492 217 3556 ὃ
232 3490 330 3574 ἐφάνη
344 3519 395 3571 μοι
409 3493 502 3570 ἄξιον,
518 3497 605 3555 τοῦτο
621 3491 714 3564 ἐστὶν,
732 3492 811 3554 ὥστε
822 3490 941 3573 πέμψαι
950 3494 1017 3555 τινὰ
1026 3498 1086 3554 τῶν
1095 3493 1246 3574 ὑμετέρων

198 3582 260 3657 μετ’
277 3581 446 3656 ἐπιπολῆς,
463 3580 513 3642 ἵνα
527 3576 696 3662 σννδοξάοῃ
710 3576 764 3654 τὴν
779 3581 853 3640 κατὰ
868 3576 951 3640 Θεὸν
967 3578 1066 3644 αὐτοῖς
1080 3577 1246 3657 γενομένην

200 3665 311 3730 εὐδίαν·
340 3664 427 3742 Quod
446 3663 523 3726 milti
546 3663 781 3746 εἰὶμπνοοίοοον
800 3663 962 3738 summ,
983 3663 1111 3736 bocau-
1139 3663 1246 3728 saali-

198 3771 286 3900 pacgs
300 3757 431 3918 popli-ug
445 3749 575 3814 miamin
588 3769 656 3898 opha
666 3747 1091 3917 maillJAntighpnos
1101 3748 1246 3899 liiiiiiiiit

200 3857 232 3898 m
320 3857 369 3908 a;
443 3857 506 3898 caia
520 3855 588 3898 cum
640 3855 667 3896 ts
871 3855 939 3898 aum
1103 3857 1136 3898 uc
1219 3857 1244 3912 ο,

198 3857 340 4006 pastilla
354 3921 420 3986 Dec
434 3921 580 3986 comanti
592 3855 733 4003 scutit
752 3939 761 3982 1
775 3921 816 4001 ι.)
833 3919 946 3984 Ussnn.
977 3857 1127 3984 Hasiiiri
1139 3921 1245 4007 magni

199 4014 290 4082 sunt;
315 4028 385 4091 quae
400 4028 475 4070 vero
495 4005 574 4070 nihil
593 4012 720 4090 cogunt,
737 4012 774 4069 ut
791 4007 873 4085 ἡμῶν
887 4029 946 4091 pro
964 4005 1098 4070 lectione
1117 4015 1246 4092 receptu
1267 4038 1271 4046 ·

199 4095 290 4173 ὑμῶν,
317 4093 402 4176 quod
428 4099 462 4156 et
487 4091 630 4156 Patricio
659 4091 759 4155 Junio
788 4091 888 4155 visum
914 4099 994 4168 erat,
1021 4092 1245 4158 substituatur.

200 4179 233 4242 A
249 4179 360 4242 nuntio
381 4177 549 4262 Polycarpi
567 4177 685 4242 litterae
704 4177 765 4241 illae
784 4183 853 4241 tam
873 4177 1133 4263 Philippensium,
1150 4202 1246 4267 quem

201 4263 437 4348 Smymaeorum
466 4263 581 4328 deferri
610 4270 759 4346 possent;
788 4263 821 4327 id
847 4264 931 4348 quod
961 4265 1118 4349 particula
1142 4269 1191 4330 καὶ
1213 4267 1246 4330 in

200 4351 304 4414 verbis
329 4352 377 4415 sul
400 4351 437 4412 ris
463 4347 531 4430 παρ’
555 4351 647 4427 ὑμῶν,
668 4357 702 4414 et
721 4348 753 4412 in
775 4350 988 4433 sequentibuS,
1016 4355 1246 4432 πρεσβεύσοντες

201 4437 249 4500 καὶ
262 4437 331 4518 περὶ
344 4437 435 4516 ὑμῶν,
452 4434 629 4521 significare
645 4434 781 4500 videtur.
828 4435 900 4500 Etsi
920 4436 1004 4500 enim
1025 4436 1102 4500 illud
1117 4445 1182 4505 τοῖς
1198 4439 1245 4517 ἔμ-
