3314 5190
362 459 426 526 DE
449 462 607 528 OPERE
631 463 695 527 ET
719 463 1074 530 ELEEMOSYNIS.
1178 465 1240 531 sol

194 636 288 720 obiit,
314 645 347 708 ct
376 635 530 710 condidit
560 637 677 709 omnio
707 661 784 732 quc
812 634 940 722 lubuit,
968 648 1000 711 et
1026 639 1107 711 emit
1136 637 1242 710 illam.

194 755 266 826 Eos
283 755 436 848 denique
458 763 495 824 et
517 751 671 826 Abrahae
690 754 782 826 filios
803 755 891 825 dicit
912 779 1000 848 quos
1020 757 1058 826 in
1076 756 1243 848 juvandis

192 871 398 963 alendisque
423 871 635 964 pauperibus
658 871 833 963 operarios
859 872 983 941 cernit.
1036 871 1133 942 Nam
1160 896 1244 944 cum

193 987 367 1060 Zachaeus
389 989 546 1069 dixisset,
567 985 657 1058 Ecce
677 985 862 1056 dimidium
883 1010 928 1056 ec
953 985 1142 1060 mummia
1168 1003 1313 1059 mecm
1321 1005 1373 1054 ιιι,

166 1102 239 1184 sdo
255 1067 377 1201 epe&
395 1113 426 1174 et
446 1104 480 1174 si
501 1127 556 1174 cut
551 1101 660 1197 'quid
668 1099 853 1197 fraudavi,
871 1101 1046 1199 qucdrcpl
1044 1127 1101 1174 um
1118 1104 1242 1186 reddo:

193 1221 375 1314 respondit
390 1220 505 1300 Jesus,
524 1227 561 1290 et
578 1220 679 1301 dixit,
699 1217 792 1308 Quia
807 1215 900 1289 sulus
916 1217 1017 1290 laodic
1028 1217 1110 1292 huic
1123 1219 1243 1293 domrd

183 1333 287 1432 sactu
312 1345 370 1418 cst,
396 1335 558 1430 quoniam
587 1331 701 1405 ethic
718 1333 822 1429 filius
850 1344 899 1407 cst
927 1333 1091 1408 Abralroe.
1144 1335 1242 1407 Nam

194 1453 223 1524 si
260 1449 444 1523 Abraham
481 1450 631 1522 credidit
668 1449 758 1534 Deo,
794 1459 833 1521 et
868 1451 1078 1544 deputatum
1112 1461 1167 1522 est
1207 1454 1380 1528 ciosum.

193 1568 441 1658 adjustitiam,
466 1568 590 1658 utiquc
618 1568 678 1658 qui
704 1567 899 1638 secundum
925 1577 1144 1661 praeceptum
1171 1567 1241 1638 Dei

149 1682 435 1775 weleemosynas
464 1682 559 1764 facit,
591 1680 670 1752 Deo
700 1682 823 1766 credit,
854 1692 892 1754 et
925 1685 986 1776 qui
1019 1683 1129 1754 habet
1156 1683 1241 1754 fidei

193 1802 391 1882 veritatem,
417 1807 533 1870 servat
559 1796 629 1868 Dei
657 1799 842 1883 timorem;
868 1800 928 1891 qui
953 1809 1074 1870 autem
1099 1799 1168 1870 Dei
1196 1803 1242 1871 ti·
1250 1820 1325 1870 urta
1336 1819 1371 1869 ιι.

193 1939 330 1988 morem
360 1923 486 1997 servat,
516 1917 553 1984 in
580 1915 863 1986 miserationibus
892 1938 1087 2008 pauperum
1122 1915 1241 1988 Deum

195 2035 338 2126 cogitat.
390 2030 569 2125 Operatur
593 2032 688 2102 enim
714 2033 794 2103 ideo
820 2034 903 2123 quia
927 2033 1048 2118 credit,
1069 2035 1153 2126 quia
1174 2037 1242 2106 scit

195 2171 278 2219 vera
299 2171 376 2218 esse
396 2169 477 2239 quae
500 2148 671 2240 praedicta
694 2156 777 2218 sunt
802 2148 918 2218 verbis
941 2146 1021 2231 Dei,
1042 2171 1108 2220 nec
1135 2152 1243 2244 scrip·

149 2272 310 2348 15tu1am
332 2273 491 2335 sanctam
511 2287 613 2357 posse
638 2265 801 2348 mentiri;
830 2264 972 2336 arbores
996 2265 1241 2349 infructuosas,

195 2380 229 2452 id
257 2389 321 2463 est,
347 2381 483 2452 steriles
513 2379 683 2464 homines,
711 2381 828 2452 excidi
856 2391 894 2452 et
923 2383 1106 2475 inignem
1133 2382 1241 2463 mitti,

193 2498 435 2568 misericordes
456 2505 577 2568 autem
598 2497 643 2568 ad
665 2519 814 2591 regnum
836 2498 962 2569 vocari.
1014 2497 1085 2582 Qui
1112 2505 1149 2568 et
1171 2496 1242 2567 alio

194 2615 232 2683 in
259 2613 338 2685 loco
365 2614 541 2708 operarios
563 2621 600 2683 et
626 2613 824 2686 fructuosos
849 2613 971 2686 fideles
997 2611 1163 2706 appellat,
1189 2614 1242 2683 in·

195 2729 383 2800 fructuosis
405 2753 489 2801 vero
514 2737 553 2800 et
575 2728 753 2800 sterilibus
782 2730 890 2801 fidem
916 2732 1072 2824 derogat,
1099 2730 1239 2800 dicens:

149 2873 186 2914 20
194 2842 239 2916 Si
266 2845 304 2915 in
331 2845 457 2936 injure>
483 2867 676 2915 mammona
692 2843 816 2939 fideles
838 2867 907 2916 non
923 2843 1062 2940 fuistis,
1080 2845 1172 2940 quod
1191 2855 1368 2922 crimme

194 2984 310 3032 omum
343 2961 421 3055 quis
454 2959 565 3032 credet
594 2958 718 3032 colu?
759 2957 810 3030 Et
842 2961 875 3028 e·
910 2961 949 3030 iu
982 2958 1095 3032 elicto
1117 2961 1240 3056 fideles

195 3099 264 3148 uon
270 3075 409 3172 scistis,
427 3073 519 3170 quod
534 3085 582 3146 est
599 3084 745 3147 cestrum
763 3075 841 3169 quis
857 3073 952 3146 dabit
967 3075 1092 3148 cobis?

247 3192 315 3265 VI.
334 3191 406 3264 Sed
419 3191 549 3262 vereris
565 3199 604 3260 et
622 3191 816 3260 metuisne
838 3189 868 3260 si
891 3192 1027 3280 operari
1049 3190 1240 3284 plurimum

196 3310 352 3402 coeperis,
377 3307 589 3402 patrimonio
616 3314 679 3377 tuo
709 3305 806 3399 larga
835 3305 1038 3397 operatione
1064 3306 1166 3377 finito
1194 3309 1242 3378 ad

150 3451 184 3510 ²5
196 3426 379 3519 penuriam
408 3425 500 3494 forte
524 3423 711 3516 redigaris:
747 3429 824 3492 esto
849 3422 887 3492 in
912 3419 979 3492 hac
1003 3431 1103 3514 parte
1133 3424 1242 3494 intre-

196 3543 308 3633 pidus,
331 3550 408 3612 esto
433 3559 596 3621 securum
626 3537 717 3608 finiri
742 3560 814 3608 non
837 3545 956 3631 potest
978 3537 1073 3608 unde
1095 3539 1132 3608 in
1157 3560 1241 3608 usus

196 3657 328 3728 Christi
356 3655 583 3747 impenditur,
613 3653 708 3724 unde
737 3676 825 3746 opus
854 3653 999 3725 coeleste
1032 3653 1240 3726 celebratur.

197 3771 278 3841 Nec
300 3772 368 3842 hoc
392 3771 458 3855 tibi
484 3771 529 3840 de
558 3793 639 3840 meo
667 3771 843 3862 spondeo;
877 3770 939 3840 sed
969 3769 1241 3842 detunctorum

196 3887 447 3978 scripturarum
464 3886 535 3955 fide
551 3893 589 3954 et
606 3885 733 3955 divinae
749 3883 1013 3976 pollicitationis
1030 3884 1241 3954 auctoritate

148 4003 377 4094 gepromitto.
430 4001 605 4093 Loquitur
623 4022 688 4092 per
710 3997 936 4070 Salomonem
958 3998 1111 4092 Spiritus
1133 3997 1242 4070 Sanc-

196 4127 255 4190 tus
284 4125 323 4188 et
353 4117 449 4201 dicit,
481 4115 553 4206 Qui
585 4115 645 4186 dot
671 4113 892 4210 pauperibus,
920 4137 1094 4209 nunquam
1124 4111 1323 4249 sychii,mlii
1248 4134 1320 4186 nov.

197 4235 395 4332 quinctus
422 4232 545 4306 averit
572 4228 706 4302 mulum
735 4254 844 4313 suum,
873 4232 911 4302 in
941 4253 1065 4329 mayoc
1088 4231 1241 4326 penuria
1248 4199 1332 4249 ‘mu'

196 4355 285 4434 erit:
311 4352 501 4424 ostendens
522 4348 763 4420 misericordes
789 4355 896 4440 atque
923 4355 1111 4440 operantes
1136 4370 1241 4442 egere
