3310 5224
404 455 446 516 lc
635 454 668 518 S.
684 451 960 518 POLYCARPI
985 449 1225 515 EPISTOLA

403 629 485 727 ύμῖν
503 629 585 729 περὶ
601 631 666 726 τῆς
684 623 921 726 δικαιοσύνης·
943 625 1027 703 ἀλλ’
1048 625 1123 702 ἐπεὶ
1141 624 1238 722 ὑμεῖς
1255 653 1453 724 προεπεκα-

404 753 571 833 λέσασθέ
584 789 639 852 με.
699 755 796 833 Ούτε
813 751 886 855 γὰρ
904 750 986 854 ἐγῶ,
1005 752 1085 830 οὔτε
1104 748 1220 832 ἄλλος
1237 748 1358 848 ὅμοιος
1375 749 1453 846 ἐμοὶ

405 880 550 962 δύναται
568 885 880 980 κατακολουθῆσαι
904 878 1084 984 τῄσοφίρ
1108 886 1171 956 τοῦ
1192 877 1368 980 μακαρίου
1395 878 1453 954 καὶ

403 1006 549 1114 ἐνδόξου
569 1006 731 1087 Παύλου·
764 1005 802 1090 δς
830 1005 1016 1108 γενόμενος
1043 1005 1080 1082 ἐν
1110 1005 1191 1100 ύμῖν
1218 1000 1309 1081 κατὰ
1336 997 1453 1103 πρόσ-
1494 1063 1500 1078 .

404 1169 502 1214 ωπον
521 1142 594 1215 τῶν
611 1131 691 1214 τότε
716 1135 924 1238 ἀνθρώπων,
943 1129 1102 1235 ἐδίδαξεν
1123 1132 1280 1232 ἀκριβῶς
1305 1131 1363 1207 καὶ
1391 1133 1453 1221 βε·
1463 1164 1478 1223 ⁵

403 1265 515 1359 βαύος
542 1260 605 1343 τόν
631 1265 713 1365 περὶ
740 1262 908 1362 ἀληθείας
935 1253 1059 1357 λόγον·
1092 1253 1131 1339 cic
1158 1257 1217 1334 xci
1244 1253 1344 1334 ἀπιδν
1372 1257 1454 1352 ὑμῖν

405 1391 565 1497 ἔγραψεν
589 1387 794 1486 ἐπιστολὰς,
813 1394 860 1471 είς
883 1385 925 1469 ἃς
947 1381 1008 1463 ἐὰν
1027 1383 1233 1485 ἐγκύπτητε,
1252 1381 1449 1482 δυνηθήσε·

240 1548 294 1597 αα
311 1549 344 1597 iv.
355 1524 472 1604 ιασθε
491 1519 752 1613 οἰκοδομεῖσθαι
773 1520 820 1597 είς
844 1512 910 1613 τὴν
929 1517 1097 1591 δοθεῖσαν
1122 1514 1204 1610 ὑμῖν
1223 1512 1359 1608 πίστιν,
1377 1511 1454 1610 ἥτις

401 1648 481 1724 ἐστὶ
497 1642 615 1744 μήτηρ
636 1639 783 1723 πάντων
805 1642 916 1740 ἡμῶν,
935 1638 1248 1739 ἐπακολουθούσης
1265 1643 1329 1738 τῆς
1347 1638 1449 1718 ἐλπί-

402 1775 472 1869 δος,
491 1768 723 1874 προαγούσης
748 1773 812 1869 τῆς
837 1766 989 1870 ἀγάπης,
1007 1772 1071 1867 τῆς
1096 1772 1144 1850 εἲς
1163 1764 1259 1846 θεὸν
1279 1767 1339 1845 καὶ
1356 1771 1449 1868 Χρι-
1467 1787 1502 1826 ¹0

401 1897 493 1980 στὸν
510 1902 569 1979 καὶ
587 1905 635 1982 είς
653 1896 716 1977 τὸν
734 1897 907 1995 πλησίον.
937 1894 1027 1974 Ἐὰν
1044 1892 1117 1998 γάρ
1135 1929 1188 1978 τις
1201 1892 1338 1974 τούτων
1355 1891 1454 1976 ἐντὸς

402 2023 425 2132 ᾖ
446 2033 514 2123 (for.
528 2023 715 2131 ᾖπλήρης,
729 2033 788 2124 π.)
803 2019 1038 2126 πεπλήρωκεν
1050 2018 1201 2120 ἐντολὴν
1212 2019 1451 2121 δικαιοσύνης·

403 2155 421 2230 ὁ
440 2152 512 2255 γὰρ
530 2152 622 2256 ἔχων
639 2149 795 2252 ἀγάπην,
812 2149 955 2253 μακροίν
972 2152 1053 2229 ἐστι
1069 2147 1191 2247 ποίσης
1209 2148 1394 2250 ἁμαρτίας.

458 2279 501 2358 δ’.
532 2277 649 2382 Ἀρχὴ
669 2275 706 2357 δέ
723 2275 869 2356 πάντων
886 2285 1057 2381 χαλεπῶν
1076 2277 1310 2383 φιλαργυρία.
1343 2271 1450 2354 Εῖδύ·

308 2409 315 2424 ’
403 2441 460 2490 τες
486 2405 548 2486 οὖν
573 2405 628 2484 ὅτι
652 2402 753 2484 ούδέν
778 2403 1031 2506 εἰσηνέγκαμεν
1049 2411 1097 2486 είς
1114 2402 1179 2484 τὸν
1197 2401 1348 2501 κόσμον,
1365 2403 1451 2480 ἀλλ’
1467 2432 1499 2492 15

403 2530 482 2614 ούδέ
509 2532 703 2638 ἐξενεγκεῖν
729 2565 764 2609 τι
792 2529 929 2633 ἔχομεν,
958 2531 1195 2630 ὃπλισιύμεθα
1226 2536 1299 2610 τοῖς
1327 2528 1454 2612 ὅπλοις
1491 2530 1494 2538 ’

403 2664 466 2759 τῆς
484 2658 719 2757 δικαιοσύνης,
736 2660 794 2736 καὶ
818 2657 1016 2764 διδάξωμεν
1040 2656 1183 2741 ἑαυτοὺς
1207 2664 1361 2760 πρῶτον,
1379 2690 1451 2736 πο-

403 2786 570 2890 ρεύεσθαι
598 2788 635 2864 ἐν
661 2790 706 2890 τῇ
734 2786 863 2888 ἐντολῇ
889 2793 953 2864 τοῦ
982 2786 1129 2889 Κυρίου·
1160 2786 1279 2866 ἔπειτα
1306 2787 1364 2864 καὶ
1389 2782 1454 2866 τὰς

405 2993 486 3052 cobis
501 2993 537 3051 dc
548 2993 664 3070 justitia
672 3016 682 3064 ς
704 2993 907 3070 sedquoniam
949 2993 1070 3052 cedente
1088 2994 1255 3060 dilectione,
1270 3013 1336 3070 quoe
1356 3002 1401 3051 cst
1422 2993 1452 3049 in

404 3095 455 3132 vos
469 3074 656 3152 provocastis.
690 3073 815 3151 Propter
829 3072 907 3151 quod
951 3074 1025 3144 Deo,
1040 3085 1070 3132 ct
1086 3076 1116 3132 in
1129 3075 1256 3140 Christo,
1268 3085 1298 3132 et
1313 3074 1342 3130 in
1354 3073 1453 3150 proxi.

403 3174 499 3232 neque
520 3176 583 3232 ego,
599 3174 693 3232 neque
713 3153 815 3212 similis
834 3153 908 3212 alius
949 3175 1007 3215 mo.
1050 3155 1083 3213 Si
1105 3155 1182 3212 enirn
1202 3156 1267 3231 quis
1289 3155 1391 3211 horum
1408 3154 1452 3210 in·

404 3235 460 3293 mci
489 3235 597 3314 poterit
625 3235 706 3312 sequi
736 3235 905 3313 sapientiam
949 3236 1093 3294 trinsecus
1113 3234 1243 3314 repletus
1260 3235 1351 3293 fuerit
1372 3253 1453 3291 man·

403 3316 479 3374 beati
509 3327 539 3374 et
565 3315 684 3393 gloriosi
714 3314 820 3373 Pauli:
856 3317 907 3392 qui
949 3315 1025 3373 datis
1042 3315 1175 3392 justitiis,
1198 3315 1385 3373 ethabuerit
1410 3313 1454 3372 di·

404 3397 462 3454 fuit
483 3395 561 3475 opud
577 3416 637 3465 vos,
652 3407 682 3454 ct
698 3396 776 3453 visus
797 3407 842 3455 est
863 3417 907 3454 se·
949 3395 1113 3463 lectionem,
1134 3396 1220 3474 longe
1241 3406 1287 3454 est
1314 3397 1350 3454 ab
1374 3393 1453 3452 omni

405 3475 532 3535 cundum
553 3476 656 3534 facicm
679 3475 745 3544 illis,
765 3477 813 3553 qui
836 3488 908 3535 tunc
950 3487 1078 3554 peccato,
1272 3484 1273 3489 ’

404 3569 496 3624 erant,
518 3555 684 3614 hominibus
694 3579 702 3625 ;
735 3557 785 3633 qui
809 3555 909 3615 docuit
992 3557 1049 3614 IV.
1062 3557 1243 3634 Principium
1255 3568 1376 3615 “autern
1391 3577 1453 3613 onr-

405 3637 564 3695 certissime
615 3649 703 3714 atquc
747 3637 909 3695 firmissime
952 3638 1031 3694 nium
1068 3637 1208 3696 malorum
1244 3649 1288 3696 cst
1323 3636 1453 3695 avaritia.

406 3718 526 3775 verbum
549 3717 697 3786 veritatis;
733 3717 783 3794 qui
808 3728 838 3774 ct
860 3719 908 3775 ab·
952 3719 1064 3778 Scitote
1085 3739 1164 3796 ergo,
1180 3723 1246 3794 quic
1267 3720 1338 3776 nihil
1357 3719 1453 3774 intuli.

405 3817 471 3856 sens
486 3797 600 3876 scripsit
614 3798 697 3855 vobis
712 3796 858 3876 epistolas,
873 3797 909 3856 ad
951 3819 1010 3856 παι
1024 3803 1052 3857 in
1067 3802 1138 3857 hunc
1151 3802 1293 3864 mundum,
1302 3818 1389 3874 neque
1401 3817 1452 3854 οιι-

406 3897 478 3954 quos
505 3877 710 3943 deflectamini
732 3889 766 3936 ut
791 3879 908 3955 possitis
941 3881 1022 3958 serre
1044 3901 1193 3955 possumus.
1236 3879 1393 3937 Armemur
1408 3899 1452 3936 ar-

407 3957 540 4017 oedificsri
563 3959 592 4015 in
615 3957 672 4016 fide
691 3977 755 4035 quoe
777 3957 844 4016 data
864 3969 909 4016 cst
950 3961 1152 4038 rnisjustitiae:
1172 3974 1202 4020 et
1216 3961 1371 4019 doceamus
1385 3980 1453 4017 nos-

407 4039 499 4108 vobis,
516 4058 580 4115 quae
600 4051 645 4096 cst
666 4050 758 4097 mater
779 4040 908 4097 omnium
951 4053 1010 4100 met
1024 4043 1103 4120 ipsos
1116 4043 1243 4120 primum
1261 4040 1409 4100 ambulare
1423 4040 1453 4096 in

407 4120 910 4199 nostrum.subsequentcspc‚prae-
951 4122 1095 4182 mandatis
1110 4123 1240 4192 Domini,
1262 4133 1379 4200 etpost
1401 4121 1455 4180 hoc

826 4249 867 4296 oe
879 4249 965 4297 Smittt
975 4251 1030 4298 edit.

823 4339 837 4368 ⁸
851 4345 860 4378 r
875 4329 941 4381 Tim.
953 4333 985 4380 vi.
999 4347 1035 4382 ro.
