3314 5190
507 466 571 529 DE
595 465 970 532 MORTALl'l'ATE.
1201 471 1266 540 279

214 662 284 731 quo
303 641 387 722 viso,
404 640 507 710 scivit
530 661 568 712 se
588 641 661 711 cito
684 661 761 713 esse
783 642 1006 712 moriturum.
1059 641 1182 714 Laetus
1199 645 1266 714 ita·

214 778 284 847 que
301 755 346 826 de
362 765 478 826 morte
494 757 572 849 jam
588 757 759 849 proxima,
777 757 878 828 etde
898 757 1015 828 vicina
1034 758 1265 828 accersitione

214 893 367 955 securus,
401 874 538 965 accepit
567 873 605 942 iu
640 894 765 944 manus
794 894 955 965 puerum,
985 882 1023 944 et
1052 874 1265 944 benedicens

215 987 411 1058 Dominum
428 988 642 1060 exclamavit
658 996 696 1058 et
713 989 824 1060 dixit:
850 987 954 1060 Nunc
971 987 1119 1060 dimittis
1129 1011 1264 1061 emaum
1273 1018 1335 1068 rm„
1346 1019 1371 1067 a,

187 1112 322 1187 smum,
339 1101 501 1188 Domine,
524 1102 709 1176 secundom
731 1104 867 1177 verbum
892 1115 987 1178 loom
1011 1106 1050 1176 io
1067 1128 1164 1200 poce,
1182 1127 1265 1200 qao-

215 1220 311 1290 m'am
345 1218 505 1292 viderant
538 1219 628 1292 orodi
661 1222 729 1292 mei
761 1220 912 1293 solatore
945 1231 1050 1294 taum.
1107 1221 1265 1292 Probans

216 1336 352 1407 seilicet
368 1346 477 1429 atque
493 1345 695 1408 contestans
712 1346 799 1409 ωηο
816 1361 892 1409 esse
909 1340 1017 1410 servis
1039 1337 1109 1409 Dei
1129 1361 1264 1430 pacem,

217 1462 303 1524 tunc
326 1452 484 1536 liberam,
507 1463 594 1524 tune
617 1454 842 1546 tranquillam
865 1456 1033 1548 quietem,
1056 1456 1197 1547 quando
1220 1454 1265 1525 de

216 1569 294 1640 istis
322 1570 447 1639 mundi
477 1570 676 1641 turbinibus
701 1571 853 1640 extracti
883 1570 976 1640 sedis
1003 1578 1041 1640 et
1067 1571 1266 1642 securitatis

171 1697 207 1738 ¹0
217 1693 358 1758 aeternae
375 1693 518 1777 portum
535 1687 698 1779 petimus,
716 1687 857 1778 quando
872 1695 1052 1779 expuncta
1066 1685 1134 1756 huc
1150 1694 1266 1756 morte

216 1803 261 1873 ad
278 1801 582 1872 immortalitatem
601 1802 771 1872 venimus.

268 1916 340 1989 III.
359 1916 427 1988 Illa
449 1925 504 1989 est
527 1919 623 1988 enim
647 1940 730 1989 vera
751 1940 832 2010 pax,
848 1915 911 1988 illa
932 1917 1003 1988 lida
1019 1915 1265 2010 tranquillitas,

217 2032 279 2104 illa
295 2033 431 2106 stabilis
447 2042 485 2104 et
501 2033 604 2104 firma
620 2043 658 2105 et
674 2041 846 2126 perpetua
862 2035 1040 2104 securitas.
1087 2034 1266 2105 Caeterum

218 2150 303 2241 quid
320 2149 416 2222 aliud
433 2151 470 2220 in
486 2151 621 2221 mundo
638 2172 745 2242 quam
767 2171 887 2242 pugna
902 2148 1069 2220 adversus
1085 2148 1265 2220 diabolum

173 2281 183 2320 ¹
190 2266 376 2357 squotidie
400 2267 544 2360 geritur,
570 2289 676 2358 quam
702 2264 868 2336 adversus
886 2264 1007 2357 jacula
1026 2266 1102 2358 ejus
1131 2273 1170 2335 et
1193 2265 1268 2337 tela

218 2379 539 2453 conflictationibus
567 2382 715 2453 assiduis
747 2379 959 2451 dimicaturi
994 2379 1088 2450 Cum
1121 2380 1268 2450 avaritia

218 2497 330 2580 nobis,
364 2521 447 2568 cum
480 2499 710 2591 impudicitia,
744 2521 827 2568 cum
860 2498 921 2580 ira,
955 2521 1039 2568 cum
1072 2497 1266 2567 ambitione

219 2616 419 2707 congressio
441 2623 516 2699 est3
545 2637 629 2686 cum
651 2613 848 2687 carnalibus
866 2615 970 2698 vitiis,
987 2638 1069 2686 cum
1092 2613 1267 2684 illecebris

219 2725 446 2802 saecularibus
462 2733 602 2802 assidua
617 2741 655 2801 et
671 2730 823 2802 molesta
838 2730 987 2802 luctatio
1004 2739 1070 2801 est.
1113 2729 1267 2802 Obsessa

172 2865 319 2918 20mens
334 2847 488 2918 hominis
504 2853 543 2916 et
564 2847 721 2938 undique
738 2845 869 2917 diaboli
887 2846 1114 2916 infestatione
1136 2845 1268 2917 vallata

218 2965 279 3036 vix
292 2966 445 3036 occurrit
457 2964 613 3058 singulis,
631 2965 692 3034 vix
704 2965 846 3035 resistit.
877 2962 917 3033 Si
930 2964 1076 3032 avaritia
1092 2971 1268 3055 prostrata

218 3089 282 3162 est,
300 3082 459 3175 exsurgit
476 3079 596 3150 libido.
628 3077 667 3150 Si
684 3077 795 3150 libido
812 3100 1011 3170 compressa
1027 3085 1091 3161 est,
1109 3079 1267 3148 succedit

218 3197 377 3268 ambitio.
429 3195 468 3268 Si
500 3196 649 3268 ambitio
677 3202 860 3265 contemta
888 3202 953 3275 est,
986 3195 1038 3264 ira
1071 3203 1266 3285 exasperat,

219 3313 319 3384 inflat
345 3314 517 3407 superbia,
548 3310 740 3382 vinolentia
769 3311 896 3382 invitat
926 3308 1019 3406 (sor.
1049 3312 1189 3404 irritat),
1215 3312 1268 3380 in-

173 3441 207 3505 α5
221 3431 314 3501 vidia
336 3429 557 3501 concordiam
581 3427 725 3520 rumpit,
746 3427 941 3496 amicitiam
963 3426 1060 3497 aelus
1082 3427 1267 3498 abscindit.

220 3547 366 3641 Cogeris
382 3544 604 3626 maledicere,
621 3543 717 3636 quod
733 3542 852 3613 divina
868 3540 928 3612 lex
944 3541 1119 3635 prohibet.
1162 3542 1270 3614 Com·

220 3661 361 3756 pelleris
379 3664 510 3756 jurare,
536 3661 631 3754 quod
660 3683 733 3730 ηοη
761 3658 857 3730 licet.
908 3659 978 3730 Tot
1006 3659 1269 3752 persecutiones

219 3779 358 3848 animus
374 3779 533 3871 quotidie
549 3777 693 3868 patitur,
710 3784 766 3847 tot
782 3775 947 3869 periculis
963 3783 1090 3870 peetus
1101 3782 1269 3870 urgetur;

221 3900 259 3964 et
284 3893 439 3964 delectat
464 3893 522 3964 hic
548 3893 642 3963 inter
661 3891 792 3964 diaboli
814 3890 950 3986 gladios
973 3892 1035 3962 diu
1058 3900 1162 3973 stare,
1186 3911 1269 3960 cum

173 4023 212 4082 30
221 4009 334 4102 magis
350 4009 670 4100 concupiscendum
688 4011 734 4079 sit
751 4017 788 4079 et
805 4010 1001 4100 optandum
1018 4008 1063 4080 ad
1076 4007 1269 4087 Christum,

222 4123 454 4194 subveniente
467 4122 623 4194 velocius
635 4133 760 4207 morte,
774 4146 970 4218 properare,
984 4125 1060 4217 ipso
1072 4125 1270 4195 instruente

222 4261 287 4309 nos
320 4247 358 4309 et
388 4239 548 4310 dicente:
587 4237 702 4310 Amen
736 4261 834 4310 omen
864 4238 942 4310 dico
974 4237 1076 4322 cobis,
1107 4240 1413 4335 quoniamsmxa

223 4378 280 4426 roe
299 4352 484 4450 plrouhilis
509 4364 540 4428 et
559 4353 741 4452 plangetis,
766 4355 928 4428 scandzam
954 4365 1065 4429 autem
1087 4355 1271 4454 pandebit:
