3314 5190
406 455 472 520 504
781 455 816 518 S.
840 451 1077 520 CYPRIANI

407 631 473 701 tibi
490 628 602 724 magis
618 629 782 723 congruit
803 651 943 700 nomeu.
995 627 1092 700 Nam
1113 649 1198 700 cum
1220 628 1395 700 Dominus
1415 632 1451 700 iu

407 745 591 840 evangelio
624 745 669 816 de
702 745 934 840 eleemosynis
967 746 1173 840 disputaret,
1207 754 1245 816 et
1277 755 1319 815 ut
1351 745 1452 816 nobis

406 864 539 933 amicos
574 862 620 932 de
654 863 878 934 terrestribus
920 861 1026 933 lucris
1063 863 1210 956 provida
1248 863 1452 955 operatione

407 978 612 1061 faceremus,
626 979 686 1071 qui
704 1001 768 1049 nos
783 978 1012 1071 postmodum
1024 980 1062 1050 in
1074 978 1302 1050 tabernacula
1318 986 1452 1049 aetema

407 1095 635 1188 susciperent,
660 1095 814 1166 fideliter
839 1118 881 1166 ac
910 1094 1097 1166 salubriter
1125 1104 1366 1188 praemoneret,
1392 1095 1477 1177 ads

298 1258 305 1272 .
347 1223 363 1273 ·.
408 1211 499 1282 didit
523 1218 604 1304 post
630 1211 709 1282 haeo
735 1213 907 1304 scriptura
936 1212 1075 1282 dicens:
1113 1210 1311 1282 Audiebant
1339 1220 1451 1282 numm

406 1326 479 1399 lsaec
508 1328 625 1399 omniu
652 1325 841 1410 Plurisoei,
872 1328 934 1422 qm·
962 1336 1061 1399 eram
1089 1327 1316 1422 cupidissimi,
1341 1337 1374 1398 et
1401 1329 1451 1398 ir-

405 1445 562 1517 ridebant
595 1469 681 1517 eum.
733 1443 865 1529 Quales
899 1467 994 1514 nunc
1028 1443 1198 1536 quosdam
1231 1445 1268 1514 in
1302 1442 1451 1514 ecclesia

404 1565 575 1645 videmus,
601 1584 751 1654 quorum
780 1558 959 1653 praeolusae
988 1581 1091 1630 aures
1120 1567 1158 1629 et
1187 1558 1293 1629 corda
1317 1567 1450 1629 coeoata

404 1678 543 1750 nullum
560 1680 605 1748 de
631 1676 845 1772 spiritalibus
866 1699 907 1746 ao
933 1674 1144 1746 salutaribus
1169 1677 1312 1746 monitis
1329 1676 1450 1746 lumen
1465 1712 1497 1750 ιο

404 1796 623 1879 admittunt;
649 1794 838 1886 dequibus
861 1794 980 1863 mirari
1002 1817 1074 1864 non
1097 1801 1236 1886 oportet
1253 1794 1347 1886 quod
1368 1817 1450 1864 con-

404 1921 567 1984 temnant
600 1914 637 1981 in
666 1909 875 1981 tractatibus
909 1932 1059 1992 servum,
1089 1911 1230 2002 quando
1263 1933 1285 1980 a
1320 1909 1449 1981 talibus

404 2030 519 2122 ipsum
538 2027 734 2098 Dominum
751 2027 931 2096 videamus
949 2047 1025 2096 esse
1042 2033 1274 2095 contemtum.

455 2144 525 2215 IX.
544 2144 640 2228 Quid
666 2144 732 2214 tibi
754 2145 792 2212 in
817 2143 893 2212 istis
915 2142 1044 2234 ineptis
1062 2151 1099 2212 et
1122 2140 1240 2212 stultis
1265 2141 1449 2234 cogitatio-

405 2261 508 2332 nibus
530 2260 678 2353 plaudis,
696 2261 794 2352 quasi
815 2267 916 2329 metu
938 2267 976 2328 et
996 2256 1232 2328 sollicitudine
1249 2258 1447 2327 futurorum
1461 2297 1494 2355 ¹5

402 2377 448 2447 ab
476 2377 639 2470 operibus
664 2375 872 2447 retarderis?
903 2375 999 2459 Quid
1024 2375 1167 2446 umbras
1194 2383 1231 2444 et
1254 2373 1448 2467 praestigias

404 2494 573 2585 quasdam
610 2515 711 2564 vanae
749 2493 987 2564 excusationis
1025 2491 1214 2562 obtendis?
1269 2489 1447 2560 Confitere

403 2610 513 2680 immo
538 2631 619 2700 quae
645 2630 728 2678 vera
752 2615 855 2690 sunt;
889 2615 927 2678 et
957 2609 1039 2701 quia
1068 2609 1218 2679 scientes
1247 2629 1318 2676 non
1347 2615 1447 2699 potes

403 2724 535 2808 fallere,
553 2733 689 2796 secreta
705 2731 743 2796 et
765 2724 887 2795 abdita
907 2727 1038 2796 mentis
1061 2746 1239 2817 exprome.
1292 2723 1447 2796 Obsede-

403 2851 486 2912 runt
515 2843 673 2913 animum
708 2851 812 2912 tuum
847 2840 1042 2911 sterilitatis
1076 2841 1244 2923 tenebrae,
1281 2847 1318 2910 et
1353 2863 1493 2912 rece-20

403 2958 510 3028 dente
537 2957 620 3027 inde
644 2956 779 3027 lumine
801 2957 970 3038 veritatis
996 2955 1135 3026 carnale
1164 2964 1290 3048 peetus
1313 2955 1387 3026 alta
1409 2963 1446 3024 et

401 3073 575 3166 profunda
591 3074 748 3145 avaritiae
765 3072 878 3166 caligo
895 3073 1053 3143 coecavit.
1090 3071 1256 3143 Pecuniae
1280 3080 1350 3142 tue
1368 3094 1447 3164 sap-

401 3191 496 3260 tivus
513 3198 551 3260 et
567 3213 688 3260 servus
710 3213 757 3273 es,
775 3190 910 3259 catenis
932 3190 1135 3281 cupiditatis
1152 3198 1190 3260 et
1207 3187 1355 3259 vinculis
1372 3185 1446 3257 alli-

401 3314 505 3399 gatus
521 3327 568 3388 es,
586 3315 624 3376 et
641 3329 746 3398 quem
763 3306 840 3397 jam
860 3305 1013 3375 solverat
1030 3305 1200 3388 Christus
1218 3307 1334 3376 denuo
1352 3305 1447 3373 vinc·

403 3431 462 3492 tus
478 3445 526 3492 es.
573 3421 698 3492 Servas
714 3423 911 3514 pecuniam,
929 3446 1006 3513 quae
1023 3431 1060 3492 te
1077 3431 1215 3494 servata
1231 3445 1302 3492 non
1319 3429 1444 3492 servat.
1457 3455 1492 3513 ²5

404 3537 661 3609 Patrimonium
682 3537 851 3621 cumulas,
869 3540 964 3631 quod
981 3547 1019 3608 te
1041 3539 1196 3632 pondere
1217 3561 1280 3608 suo
1302 3545 1445 3621 onerat;

401 3677 467 3740 neo
491 3656 683 3724 meministi
707 3655 791 3747 quid
818 3653 917 3726 Deus
942 3655 1162 3749 responderit
1188 3657 1288 3726 diviti
1314 3654 1446 3725 exube-

401 3772 555 3842 rantium
590 3771 770 3842 fructuum
805 3771 942 3864 copiam
979 3771 1090 3843 stulta
1123 3772 1344 3843 exultatione
1371 3772 1387 3863 j

311 3898 353 3948 xii·
401 3889 512 3958 tanti:
530 3883 650 3968 Stulte,
668 3888 793 3979 inquit,
810 3883 874 3958 hoc
890 3897 985 3958 nocte
1001 3887 1236 3982 eapostulntar
1251 3888 1370 3958 animo
1387 3896 1447 3957 tun

401 4013 488 4074 ate.
542 4002 628 4094 Qum
652 4026 731 4100 erpo
752 4004 891 4098 parasti
914 4003 1008 4097 cujus
1031 4005 1163 4076 erum?
1196 4005 1292 4089 Quid
1316 4005 1447 4076 divitiis
1457 4040 1499 4099 30

400 4121 471 4190 tuis
493 4119 588 4191 solus
610 4121 766 4204 incubas,
783 4121 868 4213 quid
893 4122 931 4190 in
956 4145 1096 4214 poenam
1119 4130 1218 4192 tuam
1244 4121 1446 4214 patrimonii

399 4237 453 4304 tui
488 4237 626 4328 pondus
660 4259 862 4332 exaggeras,
895 4244 938 4307 ut
967 4261 1037 4330 quo
1075 4235 1285 4330 locupletior
1317 4236 1446 4307 saeoulo

399 4351 517 4434 fueris,
551 4353 736 4444 pauperior
770 4351 849 4422 Deo
883 4353 973 4425 fias?
1027 4353 1179 4424 Raditur
1212 4363 1293 4423 tuos
1327 4353 1447 4423 divide
