3316 5198
553 451 618 514 DE
641 451 903 516 ORATIONE.
1190 451 1254 514 105

201 645 268 718 pro
284 625 420 696 meritis
437 625 607 718 cujusque
624 647 725 697 secus
741 625 926 719 irrogatur.
960 623 985 695 J
986 647 1044 695 am
1061 624 1129 696 hoo
1146 625 1253 706 dieto,

203 741 249 810 sd
266 739 506 812 sufferentiam
523 743 757 834 nosmetipsos
774 763 1041 834 praemonemus.
1077 740 1253 812 Dominus

203 879 345 948 quoque
362 879 472 949 quum
494 857 560 928 sub
584 858 790 928 instantiam
816 857 986 949 passionis
1009 855 1255 928 infirmitatem

203 975 319 1042 earnis
336 972 577 1044 demonstrare
587 975 665 1065 jam
682 975 720 1044 in
737 995 801 1044 sua
817 995 922 1043 earne
939 970 1117 1055 voluisset,
1134 969 1254 1056 Pater,

174 1087 329 1180 sinquit,
352 1089 455 1176 (Luc.
479 1090 566 1159 xxii.
591 1092 665 1183 42.)
694 1086 846 1184 transfer
870 1086 1033 1183 poculum
1063 1088 1182 1168 istud:
1215 1099 1254 1160 et

204 1207 417 1288 reeordatus,
436 1207 507 1276 nisi
532 1205 625 1300 quod
640 1229 715 1276 mea
736 1228 815 1288 non,
832 1205 893 1276 sed
915 1215 974 1277 tna
993 1205 1064 1299 fiat
1086 1204 1251 1278 voluntat.

205 1321 287 1414 lpse
314 1331 390 1393 erat
408 1321 571 1393 voluntas
597 1331 635 1392 et
660 1330 816 1417 potestas
842 1321 980 1406 Putris;
1006 1331 1182 1393 ettamen
1207 1323 1253 1394 ad

205 1439 542 1510 demonstrationem
577 1437 788 1510 sufferentiae
822 1438 961 1521 debitae,
997 1440 1170 1510 voluntati
1214 1462 1253 1512 se

207 1553 322 1625 Patris
339 1557 496 1629 tradidit.

160 1695 195 1736 ιο
257 1671 406 1744 veum
434 1697 576 1766 quoque
609 1692 765 1745 annuunt
798 1691 904 1743 ruunt
937 1673 981 1743 ad
1016 1673 1051 1742 id
1086 1673 1251 1767 pertinet,
1273 1689 1399 1739 cara.

205 1789 300 1880 quod
326 1797 363 1859 et
380 1787 466 1859 Fiat
490 1787 645 1861 uoluntas
671 1799 739 1872 tna,
759 1790 798 1858 in
827 1789 928 1860 nobis
957 1787 1103 1858 seilicet.
1155 1787 1253 1858 Nam

207 1903 307 1976 Deus
337 1904 477 1996 quando
504 1927 576 1974 non
605 1905 757 1998 regnat?
784 1905 822 1974 in
848 1903 943 1996 cujrn
969 1927 1073 1974 mana
1104 1927 1163 1976 cor
1183 1927 1255 1974 om-

205 2021 303 2091 nium
320 2044 439 2118 repam
456 2030 504 2092 eet
522 2019 640 2109 (Prov.
658 2021 733 2089 xxi.
748 2024 807 2112 1.).
860 2019 931 2090 Sed
958 2021 1124 2111 quiequid
1152 2021 1253 2092 nobis

206 2147 379 2231 optamus,
414 2139 451 2208 in
485 2136 587 2206 illum
620 2159 843 2231 auguramur,
877 2145 915 2205 et
945 2135 996 2205 illi
1031 2135 1252 2229 deputamus,

158 2256 300 2346 rsquod
325 2255 371 2324 ab
399 2253 462 2323 illo
488 2261 729 2345 expectamus.
781 2251 908 2343 Itaque
928 2253 958 2322 si
979 2252 1023 2322 ad
1043 2251 1111 2322 Dei
1130 2250 1254 2323 volun·

206 2377 328 2452 tatem,
355 2377 392 2439 et
421 2371 467 2439 ad
495 2379 652 2440 nostram
682 2368 948 2461 suspensionem
973 2370 1128 2460 pertinet
1153 2370 1253 2462 regni

206 2485 386 2556 Dominiei
403 2487 674 2578 repraesentatio,
688 2483 865 2577 quomodo
877 2485 1020 2576 quidam
1033 2495 1253 2578 protractum

204 2605 394 2696 quemdam
424 2605 461 2672 in
491 2602 610 2673 seculo
639 2601 830 2694 postulant,
856 2623 965 2692 quum
996 2625 1145 2695 regnum
1172 2602 1252 2684 Dei,

205 2723 300 2813 quod
329 2728 370 2790 ut
395 2719 561 2790 adveniat
587 2741 735 2800 oramus,
759 2717 803 2787 ad
829 2720 1170 2790 consummationem
1201 2741 1255 2790 se-

158 2837 277 2908 sonuli
311 2835 466 2907 tendat?
505 2833 681 2928 Optamus
714 2834 886 2904 maturius
921 2857 1077 2927 regnare,
1111 2845 1149 2905 et
1183 2859 1253 2905 non

205 2955 339 3025 diutius
373 2953 512 3022 servire.
565 2950 684 3020 Etiam
718 2950 747 3020 si
781 2951 992 3042 praefinitum
1028 2953 1064 3019 in
1095 2953 1253 3022 oratione

205 3093 277 3142 non
303 3078 395 3140 esset
421 3070 466 3139 de
492 3067 702 3161 postulando
728 3066 828 3157 regni
857 3065 1023 3148 adventu,
1050 3065 1144 3136 ultro
1174 3089 1253 3136 enm

205 3209 330 3258 vocem
364 3183 641 3278 protulissemus,
680 3182 889 3251 festinantes
928 3181 973 3249 ud
1012 3182 1088 3274 spei
1126 3189 1254 3254 nostrae

205 3301 444 3394 complexum.
497 3297 659 3373 Clamant
682 3297 729 3368 ad
744 3295 936 3368 Dominam
963 3296 1002 3365 in
1023 3297 1099 3367 nien
1126 3299 1254 3369 anirnce

158 3445 194 3504 25
207 3427 400 3513 martyrum
425 3413 486 3486 aab
513 3413 640 3486 altari:
672 3436 820 3507 quanam
842 3435 947 3506 usqae
972 3435 1041 3484 non
1067 3411 1252 3498 deieceris,

207 3531 368 3614 Domine,
385 3530 586 3628 sanquinem
609 3538 763 3600 nostrum
781 3527 823 3600 de
840 3527 962 3600 incolis
979 3531 1113 3601 terreo?
1139 3531 1254 3625 (Apo-

207 3647 337 3742 ealyps.
355 3650 400 3716 vi.
418 3647 470 3740 9.)
523 3645 620 3716 Nam
650 3646 774 3737 utique
804 3645 894 3716 ultio
924 3645 1066 3717 illorum
1096 3670 1117 3717 a
1142 3648 1253 3719 seeuli

207 3765 278 3834 fine
295 3763 466 3857 dirigitur.
520 3762 598 3832 Imo
624 3785 731 3854 quam
757 3762 920 3833 celeriter
942 3763 1065 3843 veniat,
1086 3762 1251 3846 Domine,

206 3902 350 3977 reparant
393 3888 488 3950 taam
532 3877 658 3966 (Mate.
694 3879 739 3947 vi.
771 3881 857 3971 10.).
922 3876 1061 3949 Votum
1104 3878 1255 3949 Christi-

158 4017 365 4078 3oanorum‚
400 3995 559 4066 confusio
598 3995 792 4075 nationum,
828 3991 1002 4063 exultatio
1036 3993 1252 4088 angelorum,

207 4121 352 4206 propter
374 4113 469 4204 quod
486 4109 739 4190 conflictamur,
758 4109 830 4179 imo
852 4109 970 4201 potius
993 4113 1252 4204 propterquod

208 4251 357 4300 oramus.

258 4341 331 4413 Sed
373 4365 479 4434 quam
513 4343 695 4436 eleganter
728 4341 846 4412 divina
880 4341 1052 4433 sapientia
1093 4347 1252 4417 ordinem
1269 4355 1408 4406 mvl·

720 4479 741 4527 r
