3316 5198
398 459 463 522 104
748 458 1090 523 TERTULLIANI

397 631 583 702 ediximus.
635 628 718 700 Hoc
734 639 907 721 quantum
924 630 970 700 sd
986 628 1135 724 gloriam
1155 629 1234 702 Dei.
1274 630 1445 726 Alioquin

396 755 570 839 quantum
603 743 648 816 ad
682 754 839 816 nostram
878 744 1088 837 petitionem
1123 770 1234 839 quum
1268 749 1445 819 dicimus:

394 859 637 955 Sanctificetur
660 883 783 932 acmen
811 869 915 943 tuum,
943 858 1069 950 (Matt.
1088 863 1132 932 vi.
1152 866 1202 955 9.)
1228 865 1264 934 id
1290 866 1446 957 petimus

395 986 437 1048 ut
453 977 694 1048 sanctificetur
709 979 747 1047 in
764 976 875 1060 nobis,
893 979 953 1070 qui
971 979 1008 1047 in
1025 976 1088 1048 illo
1105 1001 1249 1049 sumus:
1276 979 1381 1050 simul
1407 988 1446 1050 et

394 1095 432 1164 in
458 1095 594 1177 ceteris,
622 1117 710 1186 quos
738 1094 854 1164 adhuc
880 1095 995 1188 gratia
1023 1095 1093 1165 Dei
1120 1105 1314 1187 exspectet,
1341 1104 1382 1166 ut
1408 1105 1472 1183 ets

394 1211 478 1282 huic
507 1219 683 1303 praecepto
707 1233 902 1303 pareamus,
921 1210 1053 1281 orando
1072 1209 1320 1305 procursibus
1342 1213 1445 1282 etium

389 1349 459 1420 pro
476 1326 630 1396 inimicis
642 1326 771 1398 uostris
789 1324 915 1414 (Matt.
935 1349 966 1395 v.
986 1328 1072 1419 tt).
1101 1325 1260 1418 Ideoque
1277 1349 1446 1419 suspensa

394 1443 642 1513 enunciatione
667 1466 739 1512 non
764 1444 933 1524 dicentes,
952 1441 1203 1514 Sanctificetur
1223 1445 1260 1513 in
1277 1444 1389 1527 nobis,
1408 1445 1444 1514 in

395 1560 559 1630 omnibus
576 1559 735 1630 dicimus.

240 1682 375 1734 CARIV·
444 1676 649 1746 Secundum
678 1675 770 1746 hanc
799 1676 949 1745 formam
984 1674 1230 1770 subjungimus
1264 1697 1348 1747 Fran
1381 1697 1493 1750 vo-10

394 1812 534 1862 nunnus
558 1813 632 1864 nur
655 1813 695 1862 ιιι
717 1813 825 1863 cums
846 1813 891 1862 nr
913 1812 953 1861 ιιι
971 1813 1098 1875 ranas,
1116 1816 1188 1863 non
1206 1794 1301 1884 quod
1318 1792 1444 1885 aliquis

394 1909 552 1991 obsistat,
570 1910 757 2002 quominus
775 1908 938 1979 voluntas
957 1906 1027 1977 Dei
1045 1909 1118 1990 fiat,
1136 1917 1174 1979 et
1192 1911 1225 1979 ei
1243 1931 1444 2002 successum

394 2024 587 2096 voluntatis
615 2048 686 2095 suae
721 2047 889 2109 oremus;
927 2025 989 2094 sed
1023 2026 1061 2094 in
1096 2025 1260 2096 omnibus
1289 2027 1444 2117 petimus

394 2140 470 2210 fieri
504 2138 727 2211 voluntatem
761 2141 847 2232 ejus.
916 2140 973 2212 Ex
1016 2142 1309 2234 interpretatione
1348 2144 1444 2212 enim

395 2255 547 2349 figurata
578 2257 691 2327 carnis
725 2264 763 2326 et
797 2257 949 2349 spiritus,
984 2279 1048 2327 nos
1083 2280 1204 2327 sumus
1238 2257 1368 2328 coelum
1406 2267 1491 2345 et15

396 2378 500 2442 terra.
551 2371 775 2464 Quamquam
806 2375 899 2444 etsi
934 2372 1141 2465 simpliciter
1171 2372 1443 2466 intelligendum

396 2495 460 2570 est,
488 2489 583 2559 idern
609 2498 731 2559 tamen
756 2497 810 2558 est
835 2511 957 2559 sensus
986 2490 1178 2581 petitionis,
1204 2491 1309 2559 utin
1342 2490 1444 2560 nobis

394 2604 457 2674 fiat
475 2603 637 2675 voluntas
663 2602 733 2674 Dei
757 2606 795 2675 in
820 2605 932 2688 terris,
950 2613 991 2675 ut
1017 2606 1129 2698 possit
1146 2605 1281 2676 scilicet
1302 2606 1380 2676 fieri
1406 2615 1445 2678 et

395 2722 432 2790 in
462 2719 569 2792 coelis.
622 2721 719 2805 Quid
748 2729 867 2791 autern
898 2719 997 2792 Deus
1026 2722 1114 2805 vult,
1145 2745 1253 2814 quom
1281 2724 1444 2795 incedere

395 2860 459 2908 nos
494 2839 690 2909 secundum
723 2859 823 2908 suam
857 2837 1109 2930 disciplinam?
1154 2837 1315 2910 Petimus
1349 2863 1443 2933 ergo,
1456 2869 1495 2910 ιο

396 2953 629 3025 substantiam
660 2964 698 3024 et
725 2953 933 3024 facultatem
963 2954 1157 3025 voluntatis
1187 2978 1258 3026 suae
1288 2957 1445 3026 submin-

394 3071 497 3142 istret
514 3071 625 3154 nobis,
643 3081 685 3144 ut
710 3069 796 3141 salvi
823 3072 931 3141 simus
957 3072 1054 3140 etin
1080 3070 1178 3141 coelis
1204 3078 1242 3141 ct
1265 3073 1302 3141 in
1318 3073 1444 3153 terris;

395 3189 479 3280 quia
507 3211 646 3259 summa
675 3197 731 3258 est
751 3187 944 3258 voluntatis
974 3188 1060 3279 ejus,
1086 3186 1180 3258 salus
1206 3211 1339 3270 eorum,
1357 3211 1445 3280 quos

395 3305 588 3398 adoptavit.
641 3305 707 3376 Est
724 3313 762 3375 ct
778 3303 840 3374 illa
858 3305 928 3375 Dei
949 3303 1112 3374 voluntas
1138 3327 1243 3396 quarn
1269 3303 1445 3376 Dominus

395 3422 653 3492 administravit
669 3423 901 3515 praedicendo,
919 3421 1106 3514 operando,
1125 3423 1340 3491 sustinendo.
1384 3419 1444 3490 Sic
1457 3450 1492 3511 25

396 3538 494 3608 enim*
515 3539 589 3631 ipse
614 3539 869 3631 pronunciarit,
888 3560 958 3609 noa
977 3559 1085 3620 suom,
1103 3534 1164 3607 sed
1185 3537 1303 3632 putris
1321 3534 1446 3632 facere

396 3676 432 3723 sc
448 3652 650 3726 voluntatem
669 3654 741 3744 (Jo.
759 3656 804 3724 vi.
820 3656 905 3747 39.).
959 3653 1045 3724 Sine
1062 3653 1170 3724 dubio
1188 3677 1265 3746 quae
1282 3652 1444 3734 faciebat,

397 3792 440 3840 ea
469 3779 570 3840 erent
599 3770 762 3841 voluntas
790 3768 915 3851 Patris,
942 3770 988 3840 od
1017 3792 1095 3861 quae
1128 3792 1223 3838 nunc
1252 3791 1316 3838 nos
1347 3767 1446 3839 velut

397 3886 443 3956 ad
477 3885 693 3979 exemplaria
725 3908 966 3978 provocamur,
995 3895 1036 3956 ut
1067 3893 1105 3954 et
1133 3884 1373 3977 praedicemus,
1408 3893 1446 3954 et

399 4024 594 4095 operemur,
613 4011 651 4073 et
672 4004 908 4074 sustineamus
933 4004 978 4073 ad
1003 4010 1157 4071 mortem
1182 4022 1304 4093 usque.
1357 3999 1495 4090 Quae30

398 4126 440 4188 ut
456 4118 604 4212 implere
628 4121 802 4212 possimus
828 4140 916 4211 opus
941 4127 996 4189 est
1015 4118 1083 4188 Dei
1102 4116 1298 4187 voluntate.
1350 4115 1445 4186 Item

398 4232 566 4317 dicentes,
576 4233 663 4306 ntae
672 4233 827 4306 uoluntas
840 4243 909 4316 tua,
922 4232 978 4304 vel
992 4257 1035 4304 eo
1047 4232 1150 4303 nobis
1166 4233 1258 4303 benc
1272 4239 1445 4324 optamus,

398 4349 492 4438 quod
518 4350 605 4420 nihil
631 4351 715 4422 mali
740 4353 787 4422 sit
807 4353 845 4421 in
863 4348 931 4421 Dei
951 4349 1144 4430 voluntate,
1171 4349 1280 4419 ctiam
1306 4349 1334 4416 si
1361 4346 1445 4437 quid
