3314 5190
513 484 578 550 DE
603 483 976 550 MORTALITATE.
1205 489 1269 552 285

218 657 373 743 Quando
403 681 487 754 ergo
516 659 702 732 infirmitas
736 669 774 732 et
803 659 1028 732 imbecillitas
1057 670 1095 732 ct
1125 663 1270 734 vastitas

218 775 337 868 aliqua
360 785 548 869 grassatur,
573 785 660 848 tnnc
687 778 798 849 virtus
824 787 944 849 nostra
967 777 1157 871 perficitur,
1184 789 1270 850 tunc

217 891 316 975 fides,
351 893 379 961 si
409 899 550 962 tentata
582 894 787 986 perstiterit,
814 903 1011 978 coronatur,
1042 895 1136 966 sicut
1164 897 1272 990 scrip-

218 1016 297 1077 tum
315 1016 391 1078 est:
428 1005 633 1105 Vcocflpuli
643 1007 925 1105 probatsoroor,
943 1019 975 1080 et
991 1008 1144 1081 homines
1156 1009 1271 1104 justos
1280 1029 1346 1080 aas.
1358 1031 1434 1079 nor.

192 1123 360 1204 stentotio
395 1121 638 1195 recolueris.
699 1124 781 1196 Hoc
815 1127 968 1218 deniqne
1008 1127 1102 1196 inter
1134 1149 1198 1198 nos
1233 1137 1271 1199 et

219 1249 368 1310 caeteros
399 1240 547 1310 interest
578 1241 639 1333 qui
670 1240 790 1312 Deum
820 1243 993 1324 nesciunt,
1024 1242 1120 1334 quod
1152 1240 1205 1313 illi
1234 1245 1272 1313 in

219 1356 374 1427 adversis
399 1366 595 1448 queruntur
619 1365 658 1426 et
681 1365 914 1442 murmurant,
940 1380 1004 1428 nos
1029 1359 1177 1429 adversa
1199 1382 1272 1430 non

219 1481 370 1544 avocant
393 1497 414 1544 a
436 1473 576 1544 virtutis
598 1482 637 1544 et
661 1474 744 1545 fidei
770 1475 930 1558 veritate,
957 1475 1020 1544 sed
1045 1474 1272 1545 corroborant

220 1591 258 1659 in
287 1589 419 1660 dolore.
472 1587 554 1659 Hoc
584 1590 679 1681 qnod
708 1614 803 1662 nunc
832 1591 987 1683 corporis
1017 1591 1108 1660 vires
1135 1589 1271 1661 solutus

175 1707 259 1776 10in
275 1704 412 1776 fluxum
431 1713 556 1776 venter
575 1707 756 1790 eviscerat,
774 1707 868 1799 quod
891 1708 929 1776 iu
946 1702 1101 1778 faucium
1126 1704 1273 1778 vulnera

220 1830 413 1917 conceptus
442 1820 649 1893 medullitus
679 1823 770 1917 ignis
795 1830 982 1905 exoestuat,
1008 1824 1104 1916 quod
1130 1823 1271 1894 assiduo

220 1940 358 2010 vomitu
375 1939 543 2009 intestina
563 1939 780 2030 quatiuntur,
798 1942 893 2032 quod
917 1938 1010 2011 oculi
1034 1940 1068 2009 vi
1092 1939 1271 2033 sanguinis

220 2056 456 2137 inardescunt,
483 2053 578 2147 quod
603 2055 823 2147 quorundam
848 2054 904 2128 vel
929 2056 1038 2149 pedes
1064 2054 1120 2126 vel
1145 2055 1271 2147 aliquoe

221 2173 461 2244 membrorum
500 2179 619 2263 partes
659 2173 822 2266 contagio
862 2173 1034 2244 morbidae
1074 2173 1272 2265 putredinis

178 2295 460 2382 rsamputantur,
485 2288 580 2381 quod
605 2311 669 2381 per
686 2289 845 2381 jacturas
869 2298 908 2360 et
933 2289 1062 2360 damna
1086 2311 1272 2381 corporum

221 2413 473 2499 prorumpente
498 2403 667 2499 languore
694 2405 752 2476 val
781 2405 989 2477 debilitatur
1018 2408 1184 2490 incessus,
1215 2404 1272 2476 rel

220 2523 363 2595 auditus
388 2521 593 2605 obstruitur,
622 2521 679 2594 vel
709 2531 866 2594 coecatur
893 2531 1067 2616 aspectis,
1095 2523 1140 2595 ad
1166 2524 1274 2593 docu-

221 2645 383 2708 mentum
400 2637 540 2731 proficit
557 2637 651 2710 fidei.
704 2637 838 2711 Contra
854 2648 910 2710 tot
926 2641 1082 2732 impetus
1099 2639 1275 2710 vastitatis

223 2762 261 2824 et
277 2754 401 2824 mortis
418 2755 615 2826 inconcussi
633 2756 741 2825 animi
758 2756 948 2827 virtutibus
963 2755 1130 2850 congredi
1143 2767 1276 2847 quanta

177 2893 215 2934 20
223 2871 376 2962 pectoris
392 2871 601 2964 magnitudo
614 2879 679 2954 est,
693 2881 826 2963 quanta
837 2871 1036 2943 sublimitas
1049 2872 1143 2941 inter
1157 2872 1275 2942 ruinas

223 2987 363 3080 generis
387 2986 532 3058 humani
559 2995 653 3058 stare
678 2995 848 3069 erectum,
871 3009 939 3057 nec
963 3009 1046 3058 cum
1071 2988 1122 3056 eis
1148 2987 1276 3079 quibus

224 3125 304 3196 spes
326 3105 363 3172 in
390 3102 509 3174 Deum
534 3102 634 3174 nulla
658 3113 713 3174 est
732 3103 852 3195 jacere
878 3102 1118 3196 prostratum?
1145 3102 1276 3174 Gratu-

223 3219 287 3290 lari
305 3221 418 3315 magis
434 3227 576 3312 oportet
592 3228 630 3290 et
647 3219 815 3312 temporis
833 3241 963 3289 munus
984 3217 1161 3312 amplecti,
1179 3219 1274 3311 quod

226 3337 312 3407 dnm
347 3345 504 3408 nostram
539 3336 646 3408 fidem
683 3335 823 3406 fortiter
850 3336 1054 3428 promimus,
1083 3344 1122 3406 et
1156 3333 1275 3406 labore

179 3477 215 3538 ²5
226 3453 377 3524 tolerato
412 3452 457 3524 ad
493 3451 674 3523 Christum
705 3474 768 3546 per
802 3461 990 3546 angustam
1019 3451 1150 3523 Christi
1180 3452 1274 3522 viam

225 3572 414 3663 pergimus,
431 3571 619 3664 praemium
642 3571 708 3641 riae
731 3569 807 3661 ejus
828 3579 866 3640 et
886 3570 968 3640 fidei
995 3571 1071 3662 ipso
1090 3569 1275 3660 judicante

226 3687 416 3777 capiamm.

277 3799 347 3870 IX.
366 3800 463 3870 Mori
480 3801 585 3894 plane
602 3803 738 3884 timeat,
756 3803 818 3873 sed
835 3804 895 3896 qui
914 3825 960 3874 ex
982 3825 1075 3895 aqna
1090 3811 1129 3872 et
1150 3802 1275 3896 spiritu

226 3939 298 3986 non
327 3924 480 3999 renatus,
514 3917 688 4010 gehennae
722 3919 862 4012 ignibus
894 3921 1126 4013 mancipatur.
1179 3918 1274 3989 Mori

178 4033 353 4118 30timeat
378 4032 438 4124 qui
468 4055 540 4104 uon
565 4033 697 4105 Christi
723 4057 828 4106 cruce
853 4044 891 4107 et
915 4037 1076 4128 passione
1101 4045 1274 4107 censetur.

228 4145 325 4218 Mori
343 4148 467 4218 timeat
485 4149 545 4241 qui
563 4149 817 4248 adsecundam
840 4159 993 4222 mortem
1011 4150 1056 4221 de
1077 4151 1143 4221 hac
1160 4159 1276 4221 morta

227 4265 400 4336 transibit.
453 4265 549 4336 Mori
567 4268 694 4338 timeat
710 4289 817 4360 quem
834 4269 880 4338 de
897 4267 1028 4340 saeculo
1049 4268 1275 4340 recedentem

226 4381 439 4472 perennibus
469 4385 581 4476 poenis
611 4392 742 4454 aetema
769 4382 912 4455 flamma
936 4381 1126 4476 torquebit.
1179 4381 1275 4454 Mori

6 4459 15 4734 l
