3314 5190
402 457 468 522 310
789 465 822 530 S.
847 465 1085 530 CYPRIANI

395 627 520 725 placet,
551 642 583 707 u
606 633 702 730 filiis
736 638 806 711 luis
835 637 962 711 maudo
990 647 1029 710 ut
1052 636 1197 735 facium
1220 639 1399 733 justitiam
1428 650 1463 713 et

401 745 641 847 eleemosynas,
659 761 691 826 el
707 755 778 828 siml
794 779 957 828 memores
973 753 1055 838 Dei,
1073 763 1105 826 et
1120 753 1321 826 lerudicamt
1337 780 1461 828 nomeu

402 862 474 957 ejus
491 869 589 939 omui
611 879 769 967 tempore.
818 872 867 942 Et
889 872 1030 955 iterum,
1050 869 1218 943 Omnibus
1240 869 1358 942 diebus
1379 873 1462 946 vim

404 988 483 1066 lum,
503 982 566 1078 fili
593 985 822 1071 dilectissime,
852 987 966 1059 Deum
996 989 1035 1058 iu
1064 997 1173 1059 mente
1202 984 1295 1071 lale,
1326 997 1358 1059 et
1386 987 1461 1060 moli

398 1101 586 1192 praeterire
604 1113 779 1198 praecepta
801 1103 881 1197 ejas.
930 1099 1115 1174 Jmtiticm
1127 1101 1197 1199 sac
1214 1102 1370 1174 omullus
1387 1103 1485 1190 ‹lie-5

405 1213 466 1286 lus
483 1218 564 1290 uita
586 1229 663 1304 tuce,
681 1229 713 1292 et
729 1217 802 1292 uoli
824 1217 998 1290 ambulare
1013 1219 1105 1290 uiam
1128 1218 1350 1313 iniquitatis:
1375 1243 1459 1314 quo-

406 1333 503 1405 uiom
537 1347 654 1434 aperite
687 1346 719 1408 te
753 1360 797 1407 eu
830 1335 979 1418 ueritate,
1013 1335 1080 1405 erit
1113 1343 1284 1430 respectus
1317 1357 1459 1430 operum

408 1457 556 1524 tuorum.
606 1452 669 1524 Ec
689 1452 878 1525 substantia
900 1459 959 1523 tua
973 1449 1042 1547 suc
1058 1448 1313 1547 eleemosynam,
1331 1460 1363 1522 et
1385 1449 1460 1524 moli

409 1579 559 1642 auertere
568 1569 703 1668 sociem
725 1579 818 1642 tuum
835 1567 876 1640 ol
898 1565 967 1640 ullo
983 1591 1146 1663 paupere.
1188 1565 1249 1638 Ita
1261 1566 1328 1661 fiet
1344 1576 1382 1638 ut
1398 1590 1460 1638 uec

409 1709 431 1757 u
457 1696 488 1760 le
513 1696 687 1760 avertatur
706 1685 823 1784 socies
848 1683 930 1757 Dei.
980 1683 1095 1756 Prout
1120 1681 1290 1768 habueris,
1306 1682 1379 1778 fili,
1407 1685 1460 1755 sic
1475 1726 1510 1765 ,ο

398 1801 475 1899 sac.
526 1803 572 1877 Si
588 1802 775 1902 tilisuem't
792 1802 930 1896 copiose
946 1798 1145 1884 substantia,
1157 1798 1239 1894 plus
1262 1824 1307 1872 ec
1323 1797 1460 1897 illusae

408 1920 663 2018 eleemosguum.
713 1917 759 1994 Si
778 1919 940 2016 ecipuum
956 1914 1125 2000 habueris,
1143 1939 1187 1987 eu
1206 1913 1270 1987 loc
1291 1916 1367 2011 ipso
1384 1917 1460 1988 eai-

403 2063 474 2136 puo
501 2038 723 2111 corumumica.
772 2034 823 2107 El
847 2059 889 2105 ue
914 2033 1070 2106 timueris
1100 2056 1176 2104 eum
1193 2029 1294 2127 sacis
1322 2030 1461 2104 eleemo-

407 2178 541 2250 synam.
591 2153 786 2226 Praemium
810 2151 901 2223 euim
923 2149 1046 2222 bouum
1069 2149 1209 2244 reponis
1226 2147 1289 2220 tili
1312 2149 1351 2219 iu
1367 2147 1458 2220 dmm

408 2270 626 2352 necessitatis,
652 2271 735 2365 quia
760 2267 968 2363 eleemospuu
993 2290 1015 2337 a
1037 2275 1145 2338 morte
1173 2263 1303 2350 libarat,
1330 2275 1362 2338 et
1389 2289 1459 2338 uon
1474 2309 1506 2370 ,5

403 2387 541 2480 patitur
570 2386 623 2455 ire
657 2385 695 2454 im
719 2382 919 2481 palummum.
969 2382 1105 2456 Muuus
1138 2381 1261 2454 bouum
1295 2392 1344 2454 est
1377 2381 1460 2454 elee-

409 2523 552 2596 mosyuu
568 2497 723 2571 omuibus
741 2496 953 2594 quisaciuut
969 2523 1043 2570 eam
1061 2523 1176 2572 coram
1193 2523 1327 2572 sumrm
1342 2496 1432 2571 Deo.

459 2615 568 2688 XVI.
595 2615 710 2699 Quale
739 2638 869 2686 munus
898 2623 963 2698 est,
993 2616 1118 2688 fratres
1148 2617 1327 2700 carissimi,
1357 2619 1458 2710 eujus

408 2733 517 2804 editio
548 2732 627 2803 Deo
657 2739 849 2826 spectante.
871 2731 1089 2802 celebratur!
1133 2729 1174 2802 Si
1202 2733 1240 2802 in
1268 2732 1457 2827 gentilium

407 2871 555 2921 munere
587 2849 721 2945 grande
754 2856 792 2919 et
831 2847 1024 2943 gloriosum
1058 2848 1199 2918 videtur
1231 2847 1457 2942 proconsules
1469 2897 1507 2936 ,0

408 2966 465 3037 vel
491 2968 720 3060 imperatores
745 2965 876 3037 habere
904 2972 1108 3058 praesentes,
1134 2973 1172 3036 et
1201 2973 1388 3057 apparatus
1414 2987 1457 3036 ac

408 3091 569 3176 sumptus
595 3084 690 3177 apud
712 3083 928 3154 munerarios
950 3081 1063 3173 major
1083 3089 1137 3151 est
1162 3089 1204 3150 ut
1224 3081 1361 3176 possint
1383 3080 1457 3173 pla·

407 3223 487 3272 cere
516 3199 716 3292 majoribus,
742 3207 875 3291 quanto
900 3197 1069 3269 illustrior
1097 3199 1254 3268 muneris
1281 3206 1319 3268 et
1346 3198 1458 3289 major

406 3323 461 3388 est
485 3314 597 3410 gloria
627 3315 747 3385 Deum
777 3321 815 3384 et
845 3313 1027 3384 Christum
1055 3323 1272 3407 spectatores
1299 3313 1456 3386 habere?

406 3431 550 3514 Quanto
579 3432 659 3501 istie
684 3437 722 3500 et
749 3438 936 3523 apparatus
962 3430 1104 3501 uberior
1130 3439 1168 3501 et
1198 3425 1360 3524 sumptus
1389 3429 1505 3539 lar·2⁵

403 3549 482 3643 gior
497 3547 717 3618 exhibendus
740 3554 794 3616 est
816 3546 878 3616 ubi
902 3547 947 3617 ad
973 3545 1216 3640 spectaculum
1238 3547 1457 3618 conveniunt

406 3663 575 3736 coelorum
593 3664 751 3746 virtutes,
770 3664 985 3733 conveniunt
1008 3661 1125 3757 angeli
1149 3684 1282 3745 omnes,
1299 3662 1361 3732 ubi
1378 3683 1457 3732 mu·

406 3782 542 3852 nerario
559 3802 630 3852 non
652 3779 821 3873 quadriga
837 3776 894 3848 vel
915 3777 1119 3850 consulatus
1140 3779 1284 3870 petitur,
1302 3778 1365 3848 sed
1382 3777 1457 3848 vita

406 3905 541 3970 aetema
566 3901 764 3990 praestatur,
795 3916 861 3964 nee
887 3902 1050 3988 captetur
1076 3895 1189 3966 inanis
1217 3903 1254 3964 et
1279 3902 1456 3988 tempora·

406 4016 478 4085 rius
494 4013 594 4085 lavor
615 4010 722 4106 vulgi,
740 4010 803 4081 sed
824 4018 1037 4103 perpetuum
1059 4011 1247 4103 praernium
1269 4011 1368 4104 regni
1386 4031 1508 4126 ⁰⁰³·30

406 4130 504 4202 lestis
521 4127 715 4224 accipitur?
740 4125 863 4220 Atque
885 4134 928 4197 ut
946 4127 1065 4222 pigros
1082 4133 1119 4197 et
1140 4125 1277 4198 steriles
1300 4133 1338 4196 et
1358 4126 1456 4218 eupi-

405 4247 519 4318 ditate
552 4245 750 4316 nummaria
778 4243 867 4314 nihil
896 4244 989 4314 circa
1022 4244 1179 4315 fructum
1215 4241 1338 4314 salutis
1372 4264 1458 4335 ope·

404 4370 522 4434 rantes
544 4363 657 4456 magle
678 4361 821 4455 pudeat,
839 4369 881 4431 ut
905 4359 985 4454 plus
1007 4361 1260 4432 conscientiam
1276 4359 1455 4432 sordidam
