3326 5200
392 481 456 544 252
729 481 1108 546 ANNOTATIONES

392 651 536 715 Historia
557 651 752 730 Ammoniaco,
775 672 872 736 qnam
893 651 1062 716 edidenmt
1083 673 1156 716 cum
1178 649 1444 737 interpretatione

397 737 512 800 Latina
528 736 600 801 aul.
616 743 650 800 et
667 738 782 823 Georg.
800 736 985 816 Whistonii‚
1001 737 1116 802 librum
1131 737 1325 802 deecclesia
1339 759 1445 822 perse·

395 822 596 898 cutionibus;
613 842 655 886 an
669 844 744 887 vero
755 845 836 924 opus
849 822 916 886 tale
927 823 1003 908 quid
1013 823 1066 888 ille
1078 824 1300 909 composuerit,
1313 823 1445 886 dubium

394 907 493 972 videri
515 907 616 994 possit
635 916 859 973 annotationes
879 907 997 996 legenti
1018 909 1061 974 ad
1080 910 1266 975 Aristonem
1292 909 1446 974 Pellaeum

396 993 429 1057 in
444 993 597 1080 Reliqniis
611 994 718 1059 Sacris
731 995 792 1059 vol.
808 995 835 1058 I.
852 1017 884 1080 p.
896 1015 948 1080 99.

440 1080 478 1144 P.
494 1099 565 1164 23¹·
582 1080 602 1144 l.
613 1099 644 1159 4.
660 1082 714 1145 An
728 1080 918 1146 Orrmsunu
934 1080 1130 1166 Emsronsn]
1153 1079 1248 1146 Hanc
1268 1079 1445 1166 epistolam,

398 1187 494 1250 quam
522 1165 643 1250 primus
667 1167 802 1250 protulit
828 1167 1002 1245 Morellius,
1028 1167 1191 1231 habebant
1221 1166 1318 1232 etiam
1343 1165 1366 1229 ii
1391 1165 1446 1250 qui

397 1251 508 1316 Romae
523 1251 719 1336 prael'uonmt
737 1253 869 1317 editioni
888 1274 1020 1337 operum
1040 1253 1150 1318 Sancti
1166 1251 1315 1338 Cypriani
1329 1251 1363 1314 in
1380 1251 1445 1315 cffi-

399 1337 470 1402 cina
490 1337 583 1401 Pauli
606 1338 755 1403 Manutii.
801 1337 852 1400 llli
873 1345 991 1416 autem,
1007 1346 1044 1404 ut
1065 1339 1114 1404 ait
1135 1338 1269 1403 Latinus
1290 1337 1445 1415 Latinius,

398 1445 462 1487 non
477 1423 692 1509 probaverunt
706 1423 754 1488 uti
769 1447 787 1488 e
801 1423 941 1489 tenebn's
960 1425 1176 1509 proferretur3
1203 1423 1359 1508 hujusque
1374 1445 1446 1488 con-

398 1508 459 1574 silii
479 1515 642 1574 auctorem
662 1531 696 1574 se
716 1516 749 1574 et
769 1530 930 1574 suasorem
944 1509 1040 1590 luisse
1059 1511 1069 1574 i
1093 1532 1127 1574 se
1140 1516 1282 1598 testatur
1300 1508 1444 1595 ingenue,

991 1533 1221 1767 l.
1237 1593 1447 1745 ists

520 1730 528 1758 ι
959 1731 967 1760 ι
1438 1726 1446 1743 ·

401 1767 520 1831 Postea
535 1767 704 1845 Pamelius‚
720 1703 784 1852 qul
793 1767 879 1832 illam
898 1775 1061 1852 repererat
1081 1768 1114 1830 in
1134 1790 1190 1832 sex
1209 1766 1349 1851 antiquis
1364 1765 1448 1830 codi-

399 1853 497 1930 cibus,
513 1875 584 1918 eam
598 1854 731 1932 recudit,
747 1853 880 1917 innuens
890 1859 1009 1931 tamen,
1022 1875 1085 1938 quo
1096 1861 1168 1918 erat
1178 1855 1211 1917 in
1222 1851 1447 1937 rempublicam

399 1938 615 2004 Christianam
634 1946 667 2004 et
686 1939 931 2004 ecclesiasticam
953 1940 1080 2018 affectu,
1095 1962 1130 2004 se
1151 1939 1237 2004 illam
1259 1939 1448 2002 omissurum

399 2024 505 2102 fuisse,
522 2025 606 2110 quod
621 2025 715 2111 paulo
729 2026 945 2090 vehementius
956 2034 989 2091 et
1003 2026 1148 2090 acerbius
1159 2047 1255 2110 quam
1266 2025 1371 2109 episco
1394 2045 1449 2087 um

400 2110 513 2175 deceat
527 2111 647 2196 scripta
661 2111 713 2188 sit,
729 2111 789 2176 nisi
800 2111 869 2196 jam
880 2133 900 2176 a
913 2112 1060 2176 Morellio
1071 2112 1182 2176 luisset
1193 2111 1290 2175 edita.
1321 2109 1371 2173 Sc'
1386 2109 1449 2174 'cet

400 2196 562 2261 Romanos
576 2204 610 2261 et
625 2197 802 2261 Pamelinm
816 2204 1054 2262 commoverunt
1067 2197 1148 2262 liber
1160 2195 1336 2262 Firmiliani
1347 2194 1448 2280 stylus

401 2288 434 2346 et
444 2283 708 2347 excandescentia
719 2283 870 2348 adversus
884 2306 1001 2370 papam
1013 2283 1210 2369 Stephanum
1221 2282 1343 2346 diverse
1357 2283 1399 2346 ab
1410 2303 1449 2346 eo

401 2367 600 2432 sentientem.
644 2369 694 2432 At
712 2369 739 2432 si
758 2376 884 2433 attente
902 2370 1154 2434 considerassent
1171 2367 1283 2454 quanti
1301 2374 1335 2432 et
1352 2388 1449 2452 quam

400 2453 603 2518 vehementes
617 2453 740 2518 soleant
755 2477 823 2518 esse
842 2454 975 2520 affectus
989 2477 1061 2520 eum
1081 2455 1190 2541 agitur
1204 2455 1244 2519 de
1263 2475 1361 2518 causa
1379 2451 1450 2517 reli·

401 2538 504 2625 gionis
530 2546 563 2604 et
592 2539 676 2615 fidei,
703 2539 954 2606 considerassent
977 2541 1075 2607 etiam
1101 2563 1197 2626 quam
1222 2540 1389 2605 vehemens
1414 2551 1449 2604 et

400 2626 533 2689 acerbus
543 2625 649 2690 iuerat
661 2624 842 2710 Stephanus
854 2628 993 2692 scribens
1004 2629 1154 2692 adversus
1163 2626 1365 2711 Cyprianum,
1376 2646 1450 2709 pro·

400 2710 485 2775 fecto
496 2711 578 2776 hanc
589 2712 884 2812 excandescentiam
894 2714 1127 2778 condonassent
1139 2712 1334 2788 Firmiliauo,
1346 2732 1450 2795 neque

400 2796 1449 2951 ιιι

402 2969 503 3034 multa
524 2976 599 3034 sunt
620 2970 727 3056 magni
749 2972 901 3036 momenti
923 2972 1037 3057 quibus
1058 2971 1152 3035 hodie
1174 2991 1352 3034 careremus
1375 2989 1449 3034 cum

402 3055 516 3141 grandi
530 3077 636 3120 rernm
657 3064 838 3121 nostrarum
857 3058 906 3121 dis
929 3059 1031 3134 endio,
1046 3057 1131 3123 utin
1150 3055 1243 3120 simili
1261 3061 1451 3142 argumento

403 3142 526 3206 censuit
541 3141 727 3208 Sirmondus
740 3143 838 3207 edens
851 3143 884 3207 in
901 3080 1003 3212 ilroem
1015 3143 1155 3208 libellum
1168 3163 1298 3228 precum
1314 3139 1451 3205 Marcel-

403 3226 458 3291 lini
480 3235 514 3292 et
541 3228 687 3293 Faustini
712 3229 864 3294 adversus
890 3251 1007 3315 papam
1032 3230 1217 3294 Damasum.
1262 3227 1373 3313 Neque
1396 3226 1452 3291 illa

404 3313 619 3378 Romanorum
634 3321 692 3379 aut
707 3316 840 3379 Pamelii
855 3337 932 3380 eura
945 3315 1159 3401 impedivisset
1169 3315 1203 3378 in
1213 3314 1273 3378 hac
1284 3313 1354 3378 luce
1364 3310 1450 3377 litte-

402 3420 511 3463 rarum
525 3400 601 3485 quin
615 3399 749 3485 epistola
767 3401 821 3466 illa
840 3402 983 3486 prodiret
1002 3401 1035 3464 in
1055 3401 1225 3486 publicum.
1270 3401 1351 3465 (lum
1366 3398 1450 3462 enim

405 3491 528 3548 certum
542 3485 585 3550 sit
599 3486 685 3550 illam
700 3509 740 3551 ex
751 3487 849 3551 veteri
864 3487 946 3552 libro
957 3488 1076 3552 editam
1086 3487 1182 3552 luisse
1196 3508 1217 3551 a
1229 3485 1385 3563 Morellio,
1397 3505 1450 3548 ex·

404 3570 510 3635 titerit
524 3571 622 3636 etiam
636 3572 669 3635 in
683 3594 739 3636 sex
754 3573 913 3638 codicibus
928 3573 1071 3637 Pamelio
1086 3573 1169 3650 visis,
1184 3572 1270 3636 iniis
1288 3573 1321 3634 in
1336 3570 1452 3655 quibus

404 3657 534 3722 inventa
552 3665 603 3721 est
623 3679 644 3722 a
668 3657 804 3738 Latinio,
820 3659 853 3723 iu
871 3667 994 3745 septem
1009 3659 1121 3745 quibus
1141 3658 1189 3724 usi
1209 3664 1284 3722 sunt
1301 3655 1399 3742 Angli
1417 3656 1451 3720 in

405 3764 463 3807 sua
477 3742 625 3817 editione,
641 3743 674 3807 in
689 3745 797 3809 decem
812 3766 884 3810 oum
899 3746 1012 3831 quibus
1026 3767 1085 3831 ego
1100 3744 1219 3810 contuli
1232 3765 1330 3829 opera
1341 3741 1451 3806 Sancti

406 3827 564 3913 Cypriani,
580 3829 782 3896 manifestum
796 3837 847 3895 est
860 3831 946 3896 illam
961 3853 1024 3896 nou
1044 3830 1185 3916 potuisse
1200 3851 1324 3917 semper
1337 3829 1450 3906 latere,

404 3914 529 3980 etiamsi
546 3915 710 3980 Morellius
728 3937 792 3980 non
806 3917 966 3983 edidisset.
1011 3917 1147 3982 Codices
1163 3924 1281 3992 autem,
1298 3937 1370 3979 curn
1383 3913 1451 3998 qni-

405 4001 465 4066 bus
486 4000 573 4066 illam
594 4003 722 4076 contuli,
746 4009 821 4068 sunt
842 4025 923 4067 unus
946 4003 1159 4090 Remigianus‚
1179 4003 1243 4074 duo
1265 3998 1452 4101 Compendi·

405 4109 504 4165 enses,
520 4088 584 4152 duo
596 4087 763 4166 Victorini,
780 4111 861 4153 unus
873 4089 1072 4166 Pithoeanus‚
1084 4111 1166 4154 unus
1176 4087 1360 4153 monasteris
1375 4084 1452 4152 Boo-

405 4173 516 4251 censis,
544 4173 719 4252 Laetionsis,
745 4174 942 4324 Bilpotiauus,
970 4184 1004 4241 et
1033 4197 1114 4240 unus
1139 4196 1237 4238 meus.
1282 4171 1454 4237 Assentior

404 4265 514 4323 autem
539 4259 681 4325 Pamelio
710 4266 745 4324 et
804 4261 814 4326 i
868 4261 915 4327 tio
943 4261 1200 4327 existimantibus
1228 4259 1314 4324 illam
1340 4259 1452 4322 amoc

405 4344 556 4428 scriptam
571 4345 667 4410 luisse
680 4368 702 4410 a
713 4345 813 4410 Firmi
836 4369 908 4422 ano,
919 4371 1042 4413 versam
1053 4353 1162 4412 autem
1175 4345 1290 4410 Latine
1300 4367 1321 4409 a
1332 4343 1453 4408 Sancto

405 4429 572 4516 Cypsiano.
618 4431 765 4516 Epistola
779 4453 855 4518 ergo
871 4433 1047 4500 Firmiliani
1066 4433 1195 4498 inventa
1214 4437 1265 4498 est
1287 4430 1320 4494 in
1340 4428 1453 4516 viginti
