3310 5224
434 483 466 548 S.
485 481 669 545 IRENAEI
696 482 762 545 AD
785 483 1054 547 FLORINUM.
1228 487 1272 550 37

223 653 299 736 ὦτα
331 658 448 753 αὐτοῦ,
479 659 539 736 καὶ
575 655 616 736 τὸ
649 657 803 757 σύνηθες
834 659 930 765 αὐτῷ
962 655 1083 737 εἱπῶν·
1122 652 1151 734 ὦ
1183 656 1273 736 καλὲ

224 781 305 881 Θεέ,
325 788 372 868 εἷς
396 783 490 867 οἵους
514 818 560 883 με
588 781 730 888 καιροὺς
751 783 956 888 τετήρηκας,
974 785 1032 864 ἵνα
1049 783 1186 864 τούτων
1204 786 1268 863 ἀν·

223 911 370 1015 ἔχωμαι·
400 909 574 1016 πεφεύγοι
591 908 637 990 ἂν
650 914 709 990 καὶ
726 909 790 990 τὸν
807 910 919 992 τόπον
937 914 977 991 ἐν
995 909 1024 1019 ᾧ
1043 908 1272 1013 καθεῷμενοι·

222 1034 246 1135 ἢ
264 1035 390 1135 ἑστὼς,
408 1043 481 1116 τῶν
498 1037 668 1118 τοιούτων
685 1036 826 1140 ἀκηκόει
844 1037 976 1141 λόγων.
1038 1041 1112 1118 Καὶ
1138 1041 1177 1118 ἐκ
1199 1045 1271 1118 τῶν

195 1165 428 1247 5ἐπιστολῶν
446 1164 484 1243 δὲ
502 1166 611 1245 αὐτοῦ
629 1163 681 1246 ὧν
698 1169 904 1246 ε’πεστειλεν
916 1166 995 1266 ἤτοι
1012 1172 1089 1249 ταῖς
1106 1163 1268 1267 γειτνιώ-

222 1324 305 1375 σαις
332 1293 539 1392 ἐκκλησίαις
566 1293 800 1398 ἐπιστηρίζων
822 1291 984 1393 ashes&
1009 1300 1083 1374 τῶν
1100 1297 1271 1401 ἀδελφῶν

219 1423 297 1500 τισὶ
329 1426 505 1501 νουθετῶν
536 1420 663 1506 αὐτοὺς
699 1425 759 1502 καὶ
790 1420 1087 1526 προτρεπόμενος,
1124 1421 1270 1503 δύναται

221 1551 478 1654 φανερωθῆναι.
512 1565 595 1625 Edit.
610 1567 746 1638 Βοιιοιιί,
760 1589 791 1647 p.
808 1584 878 1644 359.
923 1565 1008 1642 (Vid.
1022 1566 1147 1652 notam.)

222 1776 291 1828 nuo,
310 1770 340 1817 et
358 1758 501 1818 obturetis
521 1757 640 1816 auribus
664 1758 724 1817 suis
765 1755 913 1817 audiisset.
956 1757 1016 1816 Sed
1038 1768 1067 1818 et
1083 1779 1119 1818 ex
1138 1760 1270 1840 epistolis

221 1840 368 1900 dicturum
382 1838 483 1907 fuisse,
494 1849 582 1918 prout
592 1839 647 1918 ipsi
662 1859 723 1898 mo·
765 1836 845 1896 illius
853 1837 883 1896 id
892 1836 1004 1915 liquido
1012 1841 1191 1918 comprobari
1203 1851 1269 1920 pot-

221 1921 262 1978 ris
282 1931 364 1991 erat3
387 1922 470 1979 Deus
489 1919 574 1984 bone,
592 1940 657 1997 ηοω
677 1939 724 1978 me
765 1929 819 1986 est,
835 1938 906 1995 quas
921 1918 969 1978 ille
983 1919 1089 1998 partim
1109 1920 1145 1979 ad
1160 1922 1269 1982 vicinas

221 2002 404 2082 intempore
427 2001 590 2067 reservasti,
608 2011 642 2059 ut
663 2001 724 2058 haec
764 1999 907 2067 ecclesias,
932 2009 965 2058 ut
998 2019 1046 2059 eas
1073 2000 1267 2070 confirmaret.

222 2082 409 2142 sustinerem!
428 2081 528 2159 Atque
538 2102 573 2140 ex
585 2082 649 2141 loco
660 2083 724 2160 ipso
764 2081 870 2160 partim
891 2079 928 2138 sd
949 2080 1088 2158 quosdam
1109 2101 1147 2140 ex
1167 2082 1267 2141 fratri·

222 2163 434 2242 aufugiturum‚
450 2164 480 2221 in
495 2183 553 2240 quo
567 2183 619 2221 seu
633 2173 723 2232 stans,
764 2161 819 2220 bus
833 2161 921 2228 misit,
933 2161 1091 2222 admonens
1102 2161 1169 2222 illos
1179 2173 1267 2241 atque

222 2263 273 2302 seu
287 2243 400 2312 sedens,
415 2243 557 2322 ejusmodi
578 2263 724 2303 sermones
764 2242 930 2301 exhortans.
