3316 5198
399 459 444 528 86
734 463 1114 529 ANNOTATIONES

443 633 482 699 P.
496 633 549 718 58.
565 633 587 700 l.
603 653 635 718 9.
649 633 749 716 Ὀμῶν
762 634 816 699 τδν
831 634 930 720 Θεδν]
948 633 1002 698 Ita
1022 634 1201 720 expositum
1220 655 1289 699 esse
1303 657 1324 700 a
1338 635 1447 701 multis

398 741 513 784 nomen
528 719 639 800 Ιινααθ,
655 721 797 786 ostendit
812 720 986 785 Fabtioius.

443 806 524 869 Ibid.
541 805 561 870 l.
577 823 626 871 10.
642 808 659 869 6
673 807 756 892 auis]
776 806 885 884 Filius,
901 813 939 870 ut
952 806 1036 871 infra
1050 829 1076 872 ο.
1093 824 1125 888 7.
1141 813 1176 870 et
1193 826 1244 870 11.
1267 806 1366 871 Fama

444 891 526 957 Ibid.
539 891 563 956 l.
579 893 627 955 16.
643 891 677 960 ts
692 894 740 956 ἐπὶ
754 897 809 974 γῆς
824 893 922 977 ὤφθη]
941 891 1094 957 Oonleras
1108 915 1179 978 sap.
1196 912 1247 978 13.

444 977 483 1042 P.
497 997 550 1062 59.
566 976 587 1042 l.
602 997 630 1042 1.
652 977 809 1064 λαμπρῶς]
834 979 993 1043 Exstante
1019 979 1147 1062 quidem
1168 978 1202 1042 iu
1228 978 1349 1043 Gsaeois
1371 986 1447 1057 λαμ·

399 1064 485 1146 πρὸν,
508 1063 564 1128 sed
586 1063 721 1149 legente,
745 1070 782 1129 ut
808 1070 902 1129 notat
928 1063 1103 1144 Fabricius,
1130 1065 1305 1150 interprete
1330 1064 1447 1130 Latino

399 1155 549 1231 λαμπρῶς,
565 1149 625 1213 hoe
639 1149 775 1236 reposui.

444 1235 527 1299 Ibid.
544 1234 564 1299 l.
582 1249 611 1317 7.
626 1233 665 1300 ‘0
680 1234 723 1302 δν
738 1237 786 1300 καὶ
806 1237 823 1298 6
840 1235 887 1314 ἦν,
904 1236 952 1300 καὶ
967 1238 983 1300 6
1000 1237 1160 1320 ἐρχόμενος
1174 1238 1190 1300 6
1208 1233 1288 1303 Θεὸς
1302 1239 1319 1299 6
1333 1261 1446 1301 παντο-

400 1321 525 1406 κρότορ]
554 1320 666 1386 Refert
693 1322 845 1386 lectorem
874 1342 965 1384 suum
996 1321 1163 1386 Fabricius
1187 1323 1230 1387 ad
1253 1325 1349 1406 Αροα.
1374 1322 1394 1386 i.
1416 1324 1446 1386 8.

400 1409 511 1491 Atque
536 1405 579 1470 ibi
602 1407 745 1473 restituit
770 1405 938 1472 lectionem
965 1409 1071 1489 Κύριος
1096 1410 1113 1471 6
1139 1408 1229 1482 Θεὸς,
1257 1429 1315 1492 pro
1338 1409 1405 1472 solo
1429 1411 1446 1472 6

400 1494 509 1574 Κύριοι
523 1493 765 1569 Greisbaehius3
790 1493 931 1578 satisque
952 1493 1044 1557 uobis
1065 1494 1253 1642 ffiuhahitur
1275 1494 1324 1557 his
1344 1495 1448 1558 verbis

400 1577 569 1664 significari
584 1579 756 1658 Christum,
771 1586 868 1665 prout
882 1579 934 1643 hia
948 1587 1056 1644 monet
1107 1579 1277 1666 ippolytus
1294 1580 1320 1643 si
1340 1581 1446 1645 coule-

399 1662 498 1728 rimus
519 1685 633 1729 comm.
648 1685 696 1750 13.
712 1666 806 1751 hujus
828 1665 942 1814 alitis
957 1665 1160 1750 Apocalypsis
1178 1687 1250 1730 cum
1265 1687 1377 1730 comm.
1398 1684 1446 1748 17.

399 1749 531 1834 aliisque
557 1751 680 1815 duobus
704 1752 845 1836 ejusdem
884 1751 944 1815 ibri
969 1751 1046 1815 loeis
1069 1750 1137 1815 scil.
1162 1751 1227 1815 xxi.
1256 1755 1285 1816 6.
1310 1759 1344 1816 et
1369 1752 1444 1816 xxii.

402 1853 525 1986 milii.
540 1921 560 1985 1.
577 1941 607 2005 9.
623 1922 671 1987 εν
686 1921 780 2010 ιαμ]
798 1923 981 2008 [agendum
996 1923 1045 1988 ..ι
1059 1924 1156 1990 λοι..

443 2006 624 2073 lbld.l.12.
644 2011 693 2074 καὶ
714 2011 834 2074 πάντων
849 2011 960 2094 κρατεῖ]
982 2009 1135 2074 Fortasse
1156 2009 1332 2096 legendum,
1350 2010 1398 2075 καὶ
1420 2013 1448 2074 εἶ

398 2091 519 2157 πάντων
534 2101 641 2174 κρατεῖ.

443 2178 481 2242 Ρ.
499 2182 552 2242 60.
567 2178 588 2242 l.
604 2203 636 2257 4.
658 2181 737 2243 Τότε
763 2182 811 2245 καὶ
835 2179 922 2248 αὐτὸς
946 2179 1179 2330 ὑποταγήσεται]
1201 2182 1306 2245 Abest
1331 2184 1348 2245 6
1372 2182 1445 2260 οἱδς,

401 2264 485 2348 quod
514 2263 623 2329 Billiu
651 2265 781 2344 habent,
806 2265 917 2331 itidem
945 2289 966 2330 a
992 2265 1136 2352 Vulgata
1179 2275 1282 2354 nterp.
1313 2274 1347 2331 et
1375 2267 1447 2332 aliis

399 2357 519 2434 praeter
533 2349 744 2436 Hippolytum
759 2352 897 2416 eeclesiae
912 2353 1065 2436 patribus.

444 2433 481 2498 P.
498 2438 550 2500 61.
568 2435 590 2498 l.
608 2455 635 2500 2.
653 2437 851 2526 ἐπιστανέτω]
868 2439 999 2524 (lonigo
1014 2440 1177 2502 έπίσταιτο.

444 2519 528 2585 Ibid.
544 2521 563 2585 l.
579 2541 610 2606 5.
633 2521 702 2586 ἀλλ’
727 2525 775 2587 ἐπὶ
797 2525 849 2587 δύο
874 2524 1035 2608 πρόσωπα]
1064 2523 1294 2609 Reponendum
1319 2523 1448 2589 videtur

401 2607 475 2683 ἐπεὶ,
491 2615 587 2692 prout
601 2608 698 2673 vertit
712 2608 887 2672 Turriauus
901 2609 1066 2693 interpres.

445 2691 526 2756 lbid.
542 2692 563 2758 l.
579 2695 610 2757 6.
627 2693 721 2761 Αὐτὸς
743 2697 775 2758 δὲ
798 2694 869 2758 αὐτὸ
893 2695 1058 2780 ἀπέλυσεν]
1078 2695 1307 2781 corrigendum
1321 2694 1447 2759 videtur

400 2777 561 2853 έπέλνσεν,
577 2785 614 2842 ut
628 2778 711 2843 infra
748 2801 850 2864 uoque
867 2782 981 2844 ἐπιλύει
995 2803 1053 2865 pro
1069 2783 1205 2846 ἀπολύει.

444 2862 525 2928 Ibid.
541 2864 560 2927 l.
575 2882 622 2931 12.
642 2802 747 2950 tuscul
759 2865 821 2930 Vel
843 2865 1011 2930 delendum
1032 2867 1092 2932 hoo
1114 2868 1253 2944 verbum,
1270 2865 1318 2930 vel
1339 2866 1446 2952 potius

399 2948 432 3012 in
447 2951 540 3028 ἐσμὲν
554 2950 749 3015 vertendum.

443 3034 525 3099 Ibid.
540 3035 559 3098 l.
575 3055 623 3121 13.
640 3036 771 3117 δυνάμει,
787 3036 933 3120 διαθέσει]
960 3037 1006 3102 Le
1046 3039 1144 3102 ndum
1166 3037 1288 3117 δυνόμει
1312 3036 1359 3101 καὶ
1381 3043 1444 3101 δια-

399 3119 493 3196 θέσει,
509 3129 546 3187 ut
561 3143 658 3207 supra
672 3123 810 3208 positum
826 3130 886 3198 ast,
902 3127 937 3210 τῇ
953 3127 1006 3188 δνν
1025 3149 1075 3204 μει
1097 3126 1146 3188 καὶ
1160 3125 1293 3188 διαθέσει
1306 3127 1357 3202 τῆς
1372 3125 1445 3202 δμα-

398 3208 523 3289 φρονίαι
538 3208 572 3271 έν
586 3210 739 3289 γινόμεθα.
784 3209 944 3274 Caeterum
959 3208 1074 3272 Filium
1091 3210 1218 3294 quidem
1232 3208 1294 3273 Dei
1309 3209 1446 3272 existere

397 3291 437 3356 de
454 3291 562 3357 Patris
576 3294 765 3372 substantia,
781 3295 845 3359 sive
860 3296 895 3375 τῇ
910 3295 1007 3380 οὐσία,
1022 3295 1150 3359 minime
1164 3295 1304 3380 negabat
1318 3294 1446 3378 Hippo·

397 3377 492 3462 lytus,
508 3378 604 3463 isqui
626 3379 742 3448 Filium
764 3381 824 3444 hoa
846 3380 916 3444 loeo
938 3380 1053 3444 statuit
1074 3386 1145 3444 νοΰν
1159 3380 1268 3445 Patris
1282 3401 1359 3457 esse,
1375 3387 1446 3444 tum

398 3470 432 3526 et
446 3463 530 3528 infra
544 3464 597 3527 τδν
611 3468 686 3529 ἴδιον
701 3471 773 3529 νοῦν
788 3466 849 3529 Dei
872 3465 1007 3530 eundem
1028 3465 1176 3552 appellat.
1224 3466 1295 3530 Imo
1316 3466 1446 3529 ineunte

398 3555 474 3612 seut.
490 3549 532 3613 xi.
550 3549 656 3614 lumen
675 3572 716 3614 ex
734 3551 852 3615 lumine
869 3572 942 3614 eum
962 3573 1030 3616 esse
1051 3552 1199 3630 affirmat,
1214 3559 1312 3635 atqua
1327 3551 1445 3615 ideireo

397 3655 460 3696 non
475 3635 612 3700 existere
627 3636 706 3699 duos
721 3636 818 3700 Deos.
864 3636 903 3699 ln
925 3659 963 3700 eo
982 3644 1090 3701 autem
1104 3644 1194 3702 totus
1209 3644 1383 3722 occupatur
1398 3637 1446 3700 vir

398 3730 536 3797 sanutus,
553 3727 590 3784 ut
611 3722 746 3806 confusio
763 3742 976 3807 μουνουονινν,
999 3723 1158 3807 quomodo
1179 3723 1311 3788 ecelesia
1327 3723 1446 3787 Latina

397 3805 546 3889 loquitur,
571 3807 728 3880 evitetur;
753 3807 869 3892 quippe
894 3829 966 3872 aum
990 3809 1094 3872 Graeai
1119 3831 1227 3872 votem
1251 3809 1358 3872 οὐσίαν
1381 3829 1444 3872 uon

397 3898 524 3955 tantum
553 3913 612 3976 pro
639 3889 808 3956 τνθνθαιιιιῗα
834 3893 890 3956 sed
919 3893 1016 3957 etiam
1042 3915 1100 3978 pro
1119 3916 1253 3979 μονεοοα
1274 3893 1446 3958 subsistente

396 3976 483 4042 haud
497 3999 571 4042 raro
585 4000 623 4042 us
684 3985 785 4042 arem.
820 3978 1001 4059 Quinetiam
1017 3979 1090 4043 Filii
1104 3987 1258 4044 aeteruam
1273 3980 1445 4045 subsisten-

396 4063 477 4127 tiam
501 4062 571 4128 loeo
599 3999 695 4128 millio
721 4073 897 4128 memorato
918 4065 1012 4129 docet
1033 4064 1236 4151 Hippolytus.
1281 4066 1345 4129 Τὸν
1367 4069 1445 4129 ἴδιον

396 4153 478 4225 νοῦν,
506 4149 619 4233 inquit,
645 4151 723 4236 αὐτῷ
747 4151 828 4235 μόνῳ
851 4151 996 4231 πρότερον
1017 4151 1127 4232 όματδν
1151 4151 1333 4234 ὑπάρχοντα,
1347 4155 1388 4236 τῷ
1411 4153 1444 4214 δὲ

395 4230 543 4319 γινομένῳ
559 4236 660 4320 κόσμῳ
675 4237 804 4316 ἀόρατον
819 4238 893 4300 ὄντα
907 4235 1016 4317 όρατδν
1027 4243 1115 4314 ποιεῖ,
1127 4239 1206 4303 ὅπως
1221 4240 1269 4300 διδ
1283 4240 1336 4299 τοῦ
1350 4240 1444 4318 φανῆ-

397 4342 446 4381 ναι
470 4319 540 4382 ὶδδν
564 4321 581 4382 6
606 4322 716 4399 κόσμος
741 4325 872 4401 σωθῆναι
892 4325 1011 4407 δυνηθῇ,
1035 4343 1104 4406 cap.
1126 4341 1175 4386 10.
1221 4321 1294 4407 lpse
1319 4343 1444 4406 quoque

395 4403 542 4469 Christus
564 4405 651 4490 apud
674 4405 706 4469 S.
727 4404 750 4468 J
753 4427 888 4471 oannem
908 4405 965 4484 ait,
980 4428 1014 4471 se
1035 4407 1169 4492 gloriam
1191 4407 1339 4472 habuisse
1358 4407 1444 4492 apud
