3314 5190
397 447 463 511 318
776 447 810 511 S.
833 446 1071 512 CYPRIANI

397 621 502 692 eoecis
529 619 664 712 laqueis
688 619 899 714 implicatus,
925 621 1012 692 dum
1036 621 1114 692 zelo
1139 622 1249 692 frater
1273 622 1311 692 in
1332 623 1451 694 fratris

398 737 480 808 odia
500 737 728 820 convertitur,
751 737 870 831 gladio
895 759 959 808 suo
982 739 1121 809 nescius
1146 739 1222 832 ipse
1242 741 1449 832 perimatur.

399 853 506 938 Quod
524 859 567 924 ut
589 851 756 946 colligere
780 853 920 947 plenius
941 862 980 924 61
1002 855 1225 926 manifestius
1250 857 1451 950 perspicere

398 969 582 1062 possimus,
599 969 644 1039 ed
661 976 769 1062 eaput
785 969 862 1062 ejus
878 977 986 1061 atque
1002 970 1175 1063 originem
1192 993 1422 1042 recurramus.

450 1083 501 1154 ΙΙ.
518 1083 716 1157 Videamus
739 1086 835 1156 unde
856 1084 964 1169 zelus,
987 1094 1026 1157 61
1047 1086 1199 1178 quando,
1217 1095 1254 1158 et
1272 1087 1480 1179 quomodos

400 1203 556 1296 eoeperit.
608 1201 761 1274 Facilius
786 1205 882 1274 enim
904 1227 927 1274 a
951 1203 1052 1274 nobis
1075 1202 1211 1275 malum
1233 1213 1309 1274 tam
1333 1206 1450 1298 perni-

400 1318 535 1390 ciosum
556 1319 736 1404 vitabitur,
760 1320 789 1390 si
817 1318 977 1410 ejusdem
999 1319 1084 1389 mali
1108 1328 1147 1389 et
1169 1321 1268 1414 origo
1291 1327 1330 1390 et
1350 1342 1449 1413 mag·
1513 1377 1522 1394 .

399 1433 525 1504 111110
546 1442 720 1506 noscatur.
773 1433 870 1505 Hine
893 1434 1055 1505 diabolus
1074 1437 1169 1506 iuter
1197 1437 1298 1507 initia
1327 1437 1448 1507 statim

399 1549 524 1620 mundi
549 1558 588 1620 et
612 1551 717 1643 periit
744 1551 879 1643 primus
909 1558 948 1620 61
976 1552 1140 1644 perdidit.
1192 1551 1261 1622 Ille
1289 1551 1449 1647 angelica

399 1664 585 1757 majestate
602 1667 784 1750 subnixus,
801 1665 863 1736 ille
880 1665 960 1737 Deo
982 1675 1149 1760 acceptus
1170 1675 1209 1736 et
1225 1689 1337 1751 carus,
1353 1676 1449 1760 post-
1463 1702 1501 1741 ιο

400 1803 506 1872 quam
523 1781 706 1853 hominem
728 1782 773 1854 ad
794 1783 986 1876 imaginem
1010 1782 1080 1854 Dei
1098 1783 1234 1854 11611111
1254 1784 1448 1876 conspexit,

402 1896 439 1966 in
464 1896 582 1968 selum
607 1899 773 1972 malivolo
803 1899 913 1969 livore
942 1901 1112 1992 prorupit,
1139 1922 1213 1969 non
1240 1899 1337 1991 prius
1361 1897 1450 1968 alte-

402 2035 482 2083 rum
511 2014 679 2107 dejiciens
708 2016 879 2087 instinctu
908 2013 976 2086 zeli
1010 2037 1116 2106 quam
1150 2016 1226 2108 ipse
1259 2013 1337 2085 zelo
1366 2023 1450 2085 ante

403 2129 571 2221 dejectus,
593 2131 753 2223 captivus
773 2139 964 2224 antequam
990 2132 1141 2225 capiens,
1167 2131 1327 2224 perditus
1351 2137 1450 2202 ante-

402 2267 510 2336 quam
539 2248 699 2338 perdens,
725 2247 811 2317 dum
840 2245 1046 2318 stimulante
1072 2247 1182 2317 livore
1208 2246 1344 2317 homini
1372 2269 1496 2340 gra-15

403 2362 491 2432 tiam
509 2360 602 2433 datae
619 2362 896 2434 immortalitatis
912 2364 1026 2456 eripit,
1044 2364 1118 2456 ipse
1138 2385 1279 2455 quoque
1296 2362 1332 2431 id
1355 2362 1449 2454 quod

402 2476 499 2568 prius
524 2476 641 2547 fuerat
661 2478 790 2550 amisit.
841 2477 958 2562 Quale
986 2477 1120 2550 malum
1148 2487 1214 2561 est,
1243 2478 1369 2549 fratres
1397 2478 1450 2548 di·

404 2589 595 2674 lectissimi,
621 2615 692 2684 quo
717 2592 864 2686 angelus
883 2593 1023 2678 cecidit,
1050 2617 1121 2686 quo
1142 2594 1387 2664 circumveniri
1411 2601 1450 2663 et

404 2706 561 2778 subverti
586 2707 660 2780 alta
680 2708 743 2779 illa
764 2717 802 2780 et
824 2711 989 2804 praeclare
1009 2711 1207 2783 sublimitas
1228 2711 1356 2803 potuit,
1379 2733 1450 2802 quo

404 2824 575 2917 deceptus
591 2834 646 2897 est
668 2826 744 2919 ipse
765 2829 826 2919 qui
850 2827 1010 2921 decepit!
1042 2827 1183 2899 Exinde
1202 2827 1334 2897 invidia
1355 2849 1497 2921 gras-20

404 2947 503 3010 satur
518 2941 556 3010 in
577 2943 689 3025 terris,
708 2942 793 3013 dum
817 2942 926 3013 livore
946 2944 1123 3036 periturus
1144 2943 1313 3034 magistro
1335 2943 1450 3034 perdi·

404 3057 511 3128 tionis
533 3058 748 3152 obsequitur,
774 3059 860 3130 dum
884 3059 1064 3132 diabolum
1081 3059 1142 3150 qui
1164 3058 1258 3129 uelat
1280 3059 1449 3139 imitatur,

293 3177 336 3226 ,a
404 3174 497 3246 sicut
521 3177 691 3269 scriptum
719 3184 792 3248 est:
818 3174 962 3248 Invidia
988 3184 1100 3247 111611
1122 3169 1253 3246 diaboli
1279 3197 1371 3246 mors
1396 3173 1451 3244 in-

404 3290 523 3362 troivit
539 3290 578 3361 11
594 3289 707 3362 orbem
724 3299 906 3364 terrorum.
950 3293 1144 3364 Imitantur
1166 3314 1251 3386 ergo
1268 3290 1371 3362 illum
1388 3293 1450 3384 qui

404 3414 488 3477 sunt
504 3429 550 3478 ex
566 3415 667 3500 parte
684 3409 769 3500 ejus.
821 3407 919 3480 Hine
935 3410 1088 3502 denique
1104 3431 1204 3480 novae
1222 3407 1450 3480 fraternitatis
1460 3445 1495 3506 25
1618 3411 1619 3420 ’

404 3525 518 3618 prima
540 3521 631 3608 odia,
655 3523 738 3595 hine
762 3526 948 3617 parricidia
972 3525 1124 3597 nefanda
1148 3531 1340 3618 coepemnt,
1363 3525 1451 3595 dum

328 3670 351 3703 v.
404 3636 501 3711 Abel
517 3641 657 3733 justum
674 3640 763 3713 Cain
788 3642 881 3714 relat
897 3643 1058 3735 injustus,
1076 3642 1161 3712 dum
1184 3641 1318 3712 bonum
1335 3640 1451 3713 malus

404 3757 537 3827 invidia
569 3765 607 3828 61
644 3756 754 3829 livore
788 3759 1020 3851 persequitur.
1070 3757 1224 3828 Tantum
1258 3755 1370 3828 veluit
1404 3758 1451 3830 ad

405 3874 745 3944 consummationem
787 3874 950 3946 facinoris
992 3873 1228 3946 aemulationis
1270 3873 1367 3944 furor
1408 3883 1450 3945 ut

405 4012 472 4062 nee
494 3991 622 4066 caritas
643 3989 769 4074 fratris,
787 4013 853 4061 nec
870 3991 1010 4063 sceleris
1027 3991 1239 4075 immanitas,
1259 4013 1326 4062 neo
1341 3991 1498 4080 timor30

406 4103 485 4189 Dei,
519 4129 586 4178 neo
624 4129 729 4200 poena
766 4105 887 4178 delicti
926 4110 1150 4204 cogitaretur.
1213 4109 1349 4202 Injuste
1388 4133 1451 4203 op-

404 4243 543 4313 pressus
572 4233 627 4294 est
661 4224 721 4315 qui
748 4223 927 4316 justitiam
955 4225 1089 4317 primus
1123 4224 1335 4308 ostenderat,
1369 4226 1451 4297 odia

404 4356 588 4428 perpessus
617 4346 671 4407 est
700 4339 760 4428 qui
790 4339 904 4409 odisse
933 4361 1004 4410 101
1037 4347 1194 4422 noverat,
1231 4340 1365 4411 occisus
1395 4345 1450 4410 est
