3326 5200
423 477 491 540 222
762 471 1141 538 ANNOTATIONES

426 645 597 732 scripserat
623 644 855 710 Tertullianus:
890 643 1037 724 ραωᾶανη
1061 653 1091 710 et
1113 643 1185 710 trec
1209 641 1333 727 (Horo)
1358 643 1404 708 cie
1426 652 1477 720 eet,

417 731 666 815 fundamentum,
682 731 889 796 universitate
910 729 995 794 iliius
1016 730 1197 794 eetrineecto
1218 739 1321 808 enam,
1344 751 1430 814 quem
1450 739 1479 794 et

427 838 544 882 medem
559 816 726 902 melleet,
738 827 765 880 et
777 818 930 900 Lytroten,
946 826 974 881 et
991 815 1160 902 (leminea.
1206 813 1352 900 Denique
1367 835 1478 880 vocum

427 903 561 980 illarum,
577 903 795 968 Promeuietie
809 925 830 966 c
873 901 954 980 eilrat,
970 901 1161 988 significatio
1176 901 1245 966 hseo
1258 901 1385 966 videtur
1399 921 1477 976 esse,

429 988 693 1054 Pronuntiatiene
708 988 802 1066 vocis,
843 1011 889 1066 aa,
905 988 938 1052 h.
954 1010 980 1052 e.
997 988 1050 1074 qui
1069 987 1178 1064 maid,
1195 986 1396 1072 Demiurgus,
1412 987 1477 1054 siue

428 1074 571 1151 Creator,
584 1096 648 1138 non
659 1074 783 1159 Bythos
798 1075 874 1159 ipse,
890 1073 1103 1159 appellatione
1118 1074 1264 1138 donatur.
1287 1072 1416 1138 Interea
1425 1073 1478 1136 vix

427 1159 580 1237 dubitem,
591 1161 667 1245 quin
682 1183 743 1224 vox
758 1161 829 1237 Jee,
846 1182 952 1244 quam,
968 1168 1005 1225 ut
1020 1159 1095 1238 dixi,
1112 1159 1312 1224 nesciverunt
1323 1158 1478 1224 editiones

428 1245 661 1323 vetustissimae,
677 1247 710 1310 in
754 1267 906 1310 ronomen
927 1246 979 1310 boe
998 1246 1080 1310 male
1102 1266 1254 1310 conversa
1270 1253 1364 1321 esset,
1380 1251 1478 1329 atque

428 1330 545 1395 idcirco
559 1331 609 1396 dis
631 1269 788 1396 eremite
802 1339 899 1416 atque
913 1332 1026 1416 expelli
1041 1355 1059 1395 e
1074 1337 1227 1396 contextu
1241 1330 1412 1394 debuisset.

471 1417 510 1480 P.
526 1418 595 1498 167.
609 1355 633 1480 l
646 1437 701 1502 3¹·
717 1417 925 1482 contristatus
939 1419 1003 1501 est]
1018 1417 1070 1482 Sic
1084 1417 1156 1483 edd.
1169 1415 1314 1480 Rhenani
1330 1415 1477 1480 otParis.

427 1510 574 1586 utraque,
585 1503 641 1566 sed
652 1509 774 1588 postea,
786 1502 928 1567 Pamelio
938 1503 1042 1588 primo
1053 1509 1208 1580 mutante,
1219 1510 1257 1566 ut
1267 1508 1359 1586 patet
1372 1523 1414 1566 ex
1422 1523 1478 1569 no·

427 1588 470 1652 tis
485 1588 562 1672 ejus,
579 1588 798 1673 prmstitenmt
810 1588 882 1654 edd.
900 1587 1039 1654 Frenek.
1056 1597 1090 1653 et
1104 1587 1289 1674 Rigaltiane
1302 1588 1479 1652 macene

427 1683 478 1738 est.
524 1673 574 1739 Ut
598 1695 673 1740 vero
702 1682 811 1739 monet
833 1675 1000 1752 Semlerns,
1027 1675 1061 1738 in
1086 1673 1259 1740 masculino
1288 1673 1479 1738 subauditur

427 1781 508 1824 aeon.
553 1759 668 1844 Itaque
694 1761 726 1824 in
752 1761 812 1824 hac
835 1760 999 1824 Valentini
1023 1760 1110 1843 ῥήσει
1135 1761 1324 1826 amaneus
1348 1759 1477 1824 restitu-

428 1847 544 1910 endum
559 1847 675 1910 curavi.
700 1846 763 1910 Sed
778 1846 992 1912 Tertullianus
1006 1847 1104 1910 Ades.
1124 1846 1351 1911 Vchntieiueeee
1364 1867 1433 1929 cap.
1445 1865 1475 1929 9.

427 1939 553 1997 mutato
568 1931 704 1998 vicissim
717 1954 832 2018 genere
852 1932 972 1997 scribit.
1015 1933 1159 2018 Namque
1181 1955 1217 1996 ea·
1238 1931 1301 1996 iiiia
1321 1931 1477 1994 drwdeeim

428 2017 566 2096 aeeaibres,
602 2041 653 2081 rios
665 2019 747 2082 ionio
762 2027 790 2082 et
808 2018 929 2082 ecclesie
944 2018 1113 2096 dederunt,
1129 2018 1298 2082 novissima
1311 2025 1387 2080 notu
1403 2037 1476 2094 een,

427 2104 540 2167 viderit
553 2126 567 2168 e
643 2105 737 2181 'saeua
754 2104 869 2190 Sophia
882 2105 963 2168 enim
976 2125 1081 2168 neenec
1095 2102 1349 2189 eet—pmneapit
1364 2103 1398 2165 ia
1411 2125 1474 2187 pa-

427 2199 503 2254 trem
525 2191 688 2274 inquirere.
734 2190 899 2254 Pertinere
914 2212 988 2254 vero
1003 2190 1110 2255 omnia
1124 2212 1199 2254 mox
1219 2190 1306 2254 diota
1321 2187 1364 2252 cd
1379 2188 1477 2252 istum

427 2275 621 2339 tricesimum
646 2297 768 2340 aeonem
789 2275 854 2340 Jao
876 2275 1075 2340 nominatum
1098 2283 1131 2340 et
1155 2273 1339 2340 Achamoth
1364 2273 1397 2338 in
1424 2274 1477 2341 do·

427 2359 563 2424 faotione
578 2361 706 2436 factum,
723 2383 794 2425 mea
808 2362 871 2426 fert
886 2361 1065 2437 sententia;
1089 2361 1146 2426 scd
1161 2361 1288 2445 conjicit
1304 2359 1475 2437 Pamelius,

427 2445 687 2522 interserendam,
714 2447 762 2512 vel
791 2447 1049 2524 subaudiendam,
1080 2455 1154 2533 post
1182 2445 1236 2511 illa
1261 2446 1367 2521 verba,
1391 2445 1478 2509 Hinc

419 2531 508 2614 feeit,
539 2554 647 2595 vocem
676 2533 869 2616 Demieryua,
900 2535 990 2616 cujus
1015 2541 1120 2597 mater
1144 2541 1193 2597 est
1219 2531 1412 2608 Achamoth,
1438 2537 1477 2595 ut

428 2616 594 2681 conveniat
609 2639 680 2682 curn
697 2617 819 2682 Irenaeo
841 2624 875 2682 et
889 2618 1078 2704 Epiphanio,
1094 2620 1158 2684 imo
1180 2641 1251 2683 cum
1267 2617 1474 2694 Tertulliano,

428 2710 549 2767 auctor.
594 2703 639 2768 Et
654 2703 727 2768 huie
750 2703 877 2788 quidem
892 2704 1025 2768 Pamelii
1048 2704 1187 2789 opinioni
1208 2704 1314 2768 favere
1328 2703 1477 2768 videntur

427 2789 525 2853 verba
540 2795 613 2873 post
627 2789 721 2873 paulo
736 2789 921 2873 sequentie3
946 2791 1088 2874 quonium
1103 2791 1223 2875 quidem
1244 2790 1307 2875 ipae
1320 2789 1424 2872 suerii
1437 2789 1476 2852 de

425 2875 613 2958 aporiatum
631 2876 766 2960 (ἀπορίᾳ)
787 2885 940 2960 conceptae
960 2885 1049 2960 elprae
1068 2877 1218 2962 pmhatua.
1262 2875 1355 2940 llaec
1376 2884 1476 2938 amer

425 2960 587 3024 indiccione
602 2961 692 3024 mum
710 2961 857 3024 mmsdum
877 2984 914 3025 ea·
934 2961 981 3024 leia
1002 2963 1147 3039 mariis,
1182 2983 1234 3025 uoe
1248 2960 1414 3026 Artemii
1429 2959 1478 3024 ecl

418 3046 569 3130 ponendo,
593 3045 640 3110 eei
661 3047 799 3123 timendo,
823 3047 871 3110 eei
892 3047 1144 3125 centrineodm
1196 3045 1333 3112 medendo
1350 3047 1475 3130 preasti-

424 3141 512 3196 terot.
539 3131 629 3195 Inest
643 3132 770 3216 quidem
784 3132 834 3196 his
848 3132 951 3198 verbis
966 3133 1157 3218 ambiguitas
1172 3133 1327 3216 quedam,
1343 3131 1475 3217 perinde

424 3239 463 3282 ac
477 3217 515 3282 fit
530 3217 563 3280 in
576 3217 685 3282 fabula
698 3217 752 3282 illa
767 3217 950 3284 Achamoth
966 3226 1000 3283 et
1014 3219 1070 3283 lilii
1085 3218 1259 3304 Demiurgi.
1294 3217 1375 3281 Haec
1389 3217 1475 3281 enim

425 3303 536 3366 scribit
557 3303 772 3368 Tertullianus
794 3325 863 3389 cap.
885 3305 931 3368 18.
954 3305 1094 3388 ejusdem
1120 3304 1192 3369 libri
1212 3303 1308 3368 Adue.
1339 3303 1473 3367 Valerii·

424 3390 539 3466 aanor,
570 3389 624 3453 ubi
654 3389 829 3467 Ptolemaei,
861 3390 901 3453 de
937 3410 1000 3489 quo
1037 3390 1132 3475 paulo
1167 3389 1259 3466 infra,
1297 3388 1474 3454 sententias

424 3481 587 3548 receneet;
611 3473 662 3538 Aa
676 3475 730 3538 ilie
744 3475 832 3551 euim,
852 3475 1053 3562 (Demiurgo)
1069 3477 1211 3540 sicema
1227 3473 1266 3539 ab
1288 3473 1349 3552 ille,
1364 3483 1393 3538 et
1412 3495 1474 3538 aon

424 3559 463 3625 ab
477 3561 545 3644 ipen
554 3561 657 3644 petitu
671 3559 846 3638 Aelana,
862 3583 884 3625 a
898 3582 959 3645 qna
973 3561 1091 3640 occulta
1107 3561 1188 3626 eiiii
1205 3561 1341 3638 seniora
1356 3559 1428 3643 ejue,
1443 3569 1473 3624 et

424 3645 504 3709 neiat
530 3645 680 3730 emiihrio
715 3647 895 3710 ectrieeeeeeee
930 3647 1031 3724 ductu,
1061 3647 1096 3711 ia
1130 3668 1244 3711 mmmm
1272 3646 1473 3730 opernm

423 3729 601 3795 macter.
645 3731 784 3816 Dcee’qee
807 3753 843 3796 ee
867 3732 924 3798 leuc
942 3754 1144 3817 perorarem
1165 3733 1199 3796 ia
1219 3729 1356 3817 operibus
1376 3730 1472 3796 embi-

419 3818 535 3900 peitate
549 3837 653 3880 nemen
667 3817 716 3880 idi
730 3817 947 3902 Metropatoris
966 3819 1157 3897 mercem,
1173 3818 1322 3882 neuen
1334 3817 1471 3902 appella

423 3901 551 3968 tionibus
564 3902 679 3968 crateris
695 3905 752 3967 bro.
785 3903 845 3968 Ait
860 3903 977 3968 ibidem
992 3904 1075 3969 infra
1089 3927 1160 3991 cap.
1179 3923 1197 3971 2
1198 3923 1230 3990 5.
1247 3904 1358 3968 Inerat
1370 3913 1472 3967 cutm

423 3989 457 4052 ia
470 3989 646 4066 Achamoth,
658 4011 694 4053 ee·
707 3987 874 4054 seimane
889 3989 1010 4074 Sophia
1024 3991 1140 4066 eretrh,
1150 3989 1306 4076 peculiam
1319 3988 1471 4074 quoddam

421 4075 542 4138 uminis
555 4074 730 4160 spiritalior
754 4074 831 4140 sicet
844 4085 873 4140 et
891 4076 905 4139 i
925 4097 960 4140 aa
974 4075 1141 4142 Aeimcetb
1161 4076 1195 4140 ia
1211 4075 1282 4158 fiiio
1304 4074 1471 4159 Demiurpo

420 4170 664 4244 cameracen,
694 4182 731 4225 ne
759 4161 812 4225 loe
839 4097 960 4312 paschin
993 4182 1099 4247 enare.
1149 4161 1247 4247 Apud
1283 4161 1367 4226 hune
1396 4181 1471 4223 vero

421 4245 608 4330 scriptorem
623 4246 826 4332 Anonymum
865 4270 906 4312 ao
919 4254 1047 4313 tantum
1061 4257 1096 4313 et
1111 4247 1295 4314 Achamoth
1309 4245 1357 4312 vel
1372 4244 1471 4312 nomi-

422 4331 500 4408 nari,
516 4330 564 4394 vel
580 4330 747 4417 designari,
764 4333 921 4398 videntur.
1447 4373 1449 4376 ·
