3314 5190
409 475 474 539 300
785 473 816 535 S.
841 469 1076 534 CYPRIANI
1106 467 1111 474 '

410 648 484 718 dari
502 647 640 717 dixerat
657 647 823 737 quioquid
836 643 961 714 brisset
974 647 1050 735 ejus
1066 643 1210 712 nomine
1226 642 1456 734 postulatum.

410 763 513 833 Mors
530 763 650 853 itaque
667 762 902 854 suspenditur,
924 767 962 828 et
985 759 1128 851 spiritus
1151 757 1320 841 redditur,
1338 767 1375 828 et
1391 759 1459 827 mi-

408 878 568 950 rantibus
584 900 626 947 ac
644 877 868 970 stupentibus
885 876 1022 946 cunctis
1034 874 1079 944 ad
1096 875 1187 944 hano
1203 875 1326 944 mnndi
1341 874 1458 943 denuo

408 995 526 1065 lucem
548 993 745 1064 redivivum
772 1014 898 1084 corpus
927 993 1113 1061 animatur.
1168 991 1323 1061 Tantum
1354 997 1459 1083 potu-

409 1117 514 1180 erunt
534 1108 783 1178 misericordiae
804 1109 942 1188 merita,
959 1113 1101 1176 tantum
1119 1129 1225 1198 opera
1241 1107 1342 1198 justa
1360 1104 1483 1188 salu-5

408 1233 522 1295 erunt.
575 1223 666 1307 Quae
689 1223 930 1294 laborantibus
951 1222 1066 1293 viduis
1088 1222 1216 1316 largita
1236 1223 1351 1292 fuerat
1374 1222 1458 1292 sub-

408 1345 496 1414 sidia
516 1343 670 1425 vivendi,
695 1343 826 1412 meruit
855 1342 1038 1413 advitam
1069 1342 1254 1411 viduarum
1283 1341 1458 1433 petitione

408 1461 576 1532 revocari.

461 1576 508 1649 V.
545 1576 673 1667 Itaque
706 1577 744 1644 iu
778 1574 961 1668 evangelio
997 1574 1182 1657 Dominus,
1217 1574 1341 1644 doctor
1373 1571 1459 1642 vitae

408 1702 548 1775 nostrae,
566 1701 604 1762 et
621 1693 790 1785 magister
807 1691 930 1761 salutis
947 1701 1099 1774 aeternae,
1118 1691 1297 1760 vivificans
1314 1688 1460 1758 creden-
1471 1715 1507 1754 ιο

408 1811 500 1879 tium
523 1807 705 1900 populum,
730 1816 768 1877 et
789 1807 973 1878 vivificatis
999 1806 1186 1878 consulens
1210 1807 1248 1875 in
1273 1812 1458 1886 aeternum,

409 1927 502 1994 inter
518 1925 773 1994 sua'mandata
795 1923 916 1993 divina
936 1932 974 1993 et
995 1931 1171 2016 praecepta
1192 1920 1350 1991 coelestia
1369 1918 1458 1989 nihil

409 2040 563 2110 crebrius
581 2039 727 2110 mandat
742 2047 779 2108 et
796 2040 957 2131 praecipit
975 2061 1081 2130 quam
1099 2046 1141 2107 ut
1153 2039 1354 2108 insistamus
1367 2033 1460 2106 elee-

408 2157 563 2249 mosynis
598 2155 731 2238 dandis,
766 2178 833 2225 nec
866 2156 1016 2225 terrenis
1049 2153 1326 2247 possessionibus
1360 2153 1459 2222 incu-

408 2273 544 2355 bemus,
570 2271 633 2341 sed
663 2269 824 2341 ooelestes
854 2270 1039 2341 thesauros
1069 2271 1187 2363 potius
1216 2269 1457 2339 recondamus.
1471 2293 1482 2332 ι
1488 2290 1505 2351 5

260 2425 307 2458 aa.
318 2409 361 2457 xu.
418 2385 568 2469 Vendita
586 2389 711 2478 inquit,
729 2410 784 2456 res
802 2395 939 2468 vestras,
956 2395 988 2456 et
1005 2386 1082 2457 dote
1104 2383 1357 2480 ebemosynom.
1410 2384 1459 2454 Et

277 2527 292 2560 ι
331 2512 364 2560 vi·
409 2505 548 2583 iterum,
573 2499 688 2571 Nolite
714 2500 806 2572 nobis
829 2501 972 2572 corrderc
998 2501 1173 2573 thesauros
1194 2525 1298 2594 super
1320 2510 1457 2583 taram,

409 2615 467 2688 ati
496 2617 588 2687 tineo
613 2625 644 2686 et
669 2625 857 2688 comesturo
882 2615 1235 2700 attaminarentur·
1249 2614 1355 2710 sures
1380 2614 1459 2712 effo

409 2733 509 2803 diunt
542 2741 573 2802 et
595 2730 781 2826 furantur.
847 2731 1095 2804 Tdesoerdzote
1123 2742 1234 2804 ouem
1268 2731 1360 2804 vodis
1389 2730 1458 2802 tlte-

408 2873 530 2920 sauros
564 2849 602 2918 in
636 2845 726 2929 coedr,
761 2846 820 2918 uti
857 2872 965 2943 neque
1001 2850 1093 2920 tineo
1126 2872 1234 2944 neque
1270 2857 1507 2920 comesturam

409 2967 623 3048 eetsrnrinat,
651 2973 683 3035 ct
707 2963 883 3060 ubifures
909 2988 978 3036 non
1002 2963 1168 3062 ffrdiuat
1196 2988 1257 3036 nec
1272 2963 1457 3060 serantur.

415 3081 484 3155 Ubi
523 3082 614 3152 enim
643 3078 761 3176 suerit
796 3079 974 3152 thesaurus
1012 3091 1099 3165 tuter,
1131 3079 1204 3152 illic
1236 3082 1304 3152 erit
1321 3084 1367 3152 'et
1399 3103 1459 3152 cor

411 3208 516 3269 tuem.
568 3198 724 3268 Etcum
754 3198 941 3268 observata
969 3197 1049 3292 lege
1079 3199 1278 3291 perfeetum
1308 3206 1346 3269 et
1375 3221 1459 3268 con-

333 3334 384 3381 xn.
411 3323 627 3385 summatum
649 3311 758 3383 vellet
780 3316 975 3395 ostendere,
998 3312 1044 3386 Si
1065 3315 1126 3396 cis,
1143 3315 1269 3405 inquit,
1285 3311 1459 3408 perfectus

410 3455 488 3513 esse,
512 3428 596 3501 vade
625 3435 656 3498 ct
685 3427 789 3498 vende
818 3429 935 3499 omnia
960 3439 1029 3512 tea,
1055 3439 1087 3500 et
1117 3427 1163 3499 da
1188 3429 1310 3526 cycnis,
1338 3437 1369 3500 et
1397 3427 1507 3513 lto-25

410 3545 498 3618 bobis
519 3544 714 3616 thesauram
738 3545 776 3613 ia
802 3543 892 3627 οωίο,
919 3546 1060 3627 eterni,
1086 3568 1224 3640 sequere
1249 3569 1311 3616 me.
1364 3545 1459 3616 Item

409 3663 480 3735 alio
505 3662 583 3733 loco
608 3662 866 3754 negotiatorem
892 3662 1045 3734 ooelestis
1070 3663 1192 3756 gratiae
1217 3671 1255 3732 et
1280 3685 1460 3756 compara-

410 3787 525 3848 torem
549 3776 671 3846 salutis
694 3785 847 3859 aeternae,
871 3779 1049 3849 distractis
1069 3778 1233 3849 omuibus
1249 3779 1355 3849 rebus
1377 3779 1459 3862 suis,

410 3895 601 3987 pretiosam
644 3895 880 3986 margaritam,
918 3895 987 3965 boc
1028 3903 1092 3978 cst,
1135 3896 1244 3965 vitam
1288 3903 1460 3964 aeternam

412 4010 544 4081 Christi
570 4033 693 4080 cruore
722 4011 922 4102 pretiosam,
953 4012 998 4081 de
1027 4013 1227 4103 quantitate
1256 4011 1514 4103 patrimoniiso

280 4175 295 4207 μ
336 4159 387 4206 xus
413 4128 466 4196 sui
489 4129 576 4197 dicit
598 4128 729 4202 debere
749 4129 909 4198 mercari.
947 4125 1073 4201 Simile
1094 4137 1152 4211 est,
1170 4128 1295 4219 iuquit,
1316 4147 1461 4222 repetam

413 4239 571 4312 creterram
601 4241 735 4314 domini
765 4242 969 4339 caputiatori
997 4243 1165 4337 querenti
1193 4241 1297 4314 bonos
1324 4263 1461 4336 marpa-

413 4357 510 4429 ritos.
576 4356 647 4430 Ubi
684 4367 794 4429 cutem
834 4359 962 4431 incenit
995 4360 1183 4456 pretiosam
1223 4357 1460 4454 morpcritam,
