3310 5224
365 466 423 535 viii
757 466 1007 540 LECTORI.

368 663 457 743 noti
498 663 572 744 tibi
611 664 729 758 fiant,
769 665 914 760 dicam,
948 665 1021 774 qui
1061 667 1145 747 sint
1183 657 1336 775 singuli
1375 683 1419 751 et

369 837 524 891 omnes.
586 811 651 891 De
679 809 842 892 unitate
872 810 1025 892 Divina
1049 822 1092 892 et
1119 811 1215 893 Filii
1245 841 1420 923 persona

370 954 543 1063 exponit
559 954 596 1034 S.
610 952 832 1063 Hippolyti
846 953 950 1036 liber
966 953 1038 1037 ille
1051 967 1196 1037 contra
1213 956 1413 1039 Noetum.

370 1099 553 1181 Haeresis
599 1126 695 1180 vero
738 1098 968 1208 omnigenae
1016 1126 1101 1208 prae
1144 1099 1417 1202 ecelesiastica

368 1243 557 1324 doctrina
599 1243 837 1339 novitatem,
874 1255 918 1324 et
960 1243 1076 1350 quasi
1120 1245 1417 1353 posteritatem,

367 1388 551 1469 ostendit
581 1387 891 1496 Fragmentum,
919 1387 1032 1494 quod
1061 1397 1188 1483 extat,
1217 1388 1416 1498 Epistolae
1483 1349 1493 1368 .

367 1532 405 1613 S.
425 1530 574 1613 Irenaei
594 1531 647 1613 ad
666 1527 893 1624 Florinum,
909 1540 999 1610 tum
1017 1555 1113 1610 vero
1127 1529 1260 1611 fusius
1278 1533 1417 1640 arguit

367 1674 471 1756 liber
502 1675 556 1756 de
585 1672 897 1782 Prfficriptione
927 1671 1235 1754 Haeretieorum
1262 1702 1287 1756 a
1313 1675 1416 1757 Ter-

367 1817 544 1899 tulliano
572 1816 761 1926 scriptus.
819 1817 1029 1897 Adversus
1055 1843 1135 1912 eor,
1157 1817 1231 1925 qui
1259 1833 1415 1926 negent

366 1963 408 2042 in
436 1971 690 2042 sacramento
719 1960 899 2068 corporis
927 1972 971 2040 et
1002 1957 1215 2067 sanguinis
1242 1961 1414 2042 Domini

364 2105 503 2186 adhue
523 2131 689 2185 manere
708 2101 1009 2184 elementorum
1028 2101 1313 2197 substantiam,
1329 2101 1414 2184 sive

367 2261 569 2342 naturam,
602 2245 671 2328 hie
704 2244 840 2341 habes,
870 2256 1018 2353 praeter
1054 2242 1176 2344 ῥήσεις
1208 2242 1309 2325 alias
1341 2246 1413 2328 ad-

365 2392 521 2485 ductas,
565 2391 645 2471 tria
686 2388 915 2499 praesertim
959 2387 1108 2470 veteris
1152 2387 1251 2469 fidei
1298 2390 1409 2470 testi-

364 2536 529 2627 monia;
577 2561 755 2642 quorum
795 2559 927 2613 unum
961 2532 1229 2641 desumptum
1264 2544 1327 2615 est
1359 2562 1411 2615 ex

365 2677 554 2789 Epistola
572 2678 626 2760 ad
645 2676 872 2759 Caesarium
895 2674 1143 2757 monachum
1172 2674 1216 2755 in
1236 2704 1411 2760 numero

364 2825 609 2933 scriptorum
644 2823 682 2903 S.
705 2820 988 2928 Chrysostomi
1026 2818 1169 2900 habita
1203 2818 1268 2901 vel
1303 2823 1411 2903 anti-

363 2969 530 3078 quitus;
570 2967 748 3049 alterurn
782 2977 952 3075 praestat
980 2964 1084 3046 liber
1106 2963 1262 3047 Gelasii
1290 2993 1410 3075 papae

361 3115 414 3195 de
444 3111 618 3193 Duabus
637 3108 793 3192 Christi
822 3106 1019 3202 Naturis3
1049 3119 1164 3190 extat
1192 3136 1287 3189 eum
1317 3107 1409 3218 plu-

361 3259 474 3340 ribus
493 3255 666 3338 tertium
695 3255 738 3334 in
759 3251 924 3334 AElfrici
951 3250 1280 3360 AngloSaxonis
1307 3253 1408 3362 Epi-

357 3401 486 3485 stolis.
547 3400 675 3482 Porro
712 3397 971 3480 ethnicorum
1012 3395 1326 3505 superstitiones
1364 3412 1407 3480 et

357 3549 478 3628 docte
507 3556 550 3625 et
577 3543 788 3652 eleganter
816 3542 1041 3623 insectatus
1064 3551 1127 3622 est
1150 3541 1187 3621 S.
1203 3541 1403 3651 Cypriani

358 3692 412 3773 de
442 3687 655 3770 Idolorum
686 3685 882 3766 Vanitate
911 3681 1087 3765 libellus.
1146 3683 1341 3792 Denique
1369 3685 1402 3764 si

358 3833 434 3916 tibi
463 3842 675 3941 quaeratur
703 3828 818 3924 fides
842 3839 931 3908 tum
959 3853 1056 3907 vero
1085 3824 1312 3933 disciplina,
1340 3855 1404 3908 eo-

355 3979 489 4064 clesiae
509 3977 721 4072 universae,
737 3988 915 4082 utraque
935 3973 977 4053 in
993 3972 1196 4080 Symbolis
1211 3987 1255 4055 et
1269 3975 1402 4056 Cano

356 4127 477 4207 nibus
496 4120 776 4203 Conciliorum
798 4119 988 4207 Quatuor
1011 4118 1246 4199 Primorum
1266 4120 1401 4200 Gene-

354 4270 502 4352 ralium
523 4268 731 4348 αὐθεντικῶς
751 4264 903 4345 tradita
922 4275 1119 4343 servatur.
