<?xml version="1.0" encoding="UTF-8"?>
<!DOCTYPE html PUBLIC "-//W3C//DTD XHTML 1.0 Transitional//EN"
    "http://www.w3.org/TR/xhtml1/DTD/xhtml1-transitional.dtd">
<html xmlns="http://www.w3.org/1999/xhtml" xml:lang="en" lang="en">
 <head>
  <title>
</title>
<meta http-equiv="Content-Type" content="text/html;charset=utf-8" />
  <meta name='ocr-system' content='tesseract 3.04.00' />
  <meta name='ocr-capabilities' content='ocr_page ocr_carea ocr_par ocr_line ocrx_word'/>
</head>
<body>
  <div class='ocr_page' id='page_1' title='image "./scriptorumeccle00routgoog_0396.png"; bbox 0 0 3294 5192; ppageno 0'>
   <div class='ocr_carea' id='block_1_1' title="bbox 304 473 1223 540">
    <p class='ocr_par' dir='ltr' id='par_1_1' title="bbox 304 473 1223 540">
     <span class='ocr_line' id='line_1_1' title="bbox 304 473 1223 540; baseline -0.002 0"><span class='ocrx_word' id='word_1_1' title='bbox 304 473 488 540; x_wconf 79' lang='lat' dir='ltr'>NICAENJ</span> <span class='ocrx_word' id='word_1_2' title='bbox 515 473 733 538; x_wconf 88' lang='lat' dir='ltr'>CONCILII</span> <span class='ocrx_word' id='word_1_3' title='bbox 759 473 1093 540; x_wconf 85' lang='lat' dir='ltr'>UNIVERSALIS.</span> <span class='ocrx_word' id='word_1_4' title='bbox 1161 475 1223 540; x_wconf 79' lang='lat'>881</span> 
     </span>
    </p>
   </div>
   <div class='ocr_carea' id='block_1_2' title="bbox 153 645 1233 1390">
    <p class='ocr_par' dir='ltr' id='par_1_2' title="bbox 153 645 1233 1390">
     <span class='ocr_line' id='line_1_2' title="bbox 176 645 1227 751; baseline -0.002 -23"><span class='ocrx_word' id='word_1_5' title='bbox 176 646 269 732; x_wconf 80' lang='grc' dir='ltr'>στὰς</span> <span class='ocrx_word' id='word_1_6' title='bbox 304 648 531 728; x_wconf 82' lang='grc' dir='ltr'>ἀπαιτοῦσιν·</span> <span class='ocrx_word' id='word_1_7' title='bbox 569 648 775 726; x_wconf 59' lang='grc' dir='ltr'>ἐδικαιοισεν</span> <span class='ocrx_word' id='word_1_8' title='bbox 811 645 835 746; x_wconf 81' lang='grc' dir='ltr'><strong><em>ἡ</em></strong></span> <span class='ocrx_word' id='word_1_9' title='bbox 871 647 959 749; x_wconf 82' lang='grc' dir='ltr'>ἁγία</span> <span class='ocrx_word' id='word_1_10' title='bbox 994 649 1054 728; x_wconf 84' lang='grc' dir='ltr'>καὶ</span> <span class='ocrx_word' id='word_1_11' title='bbox 1085 646 1227 751; x_wconf 79' lang='grc' dir='ltr'>μεγάλη</span> 
     </span>
     <span class='ocr_line' id='line_1_3' title="bbox 177 771 1223 878; baseline 0.001 -22"><span class='ocrx_word' id='word_1_12' title='bbox 177 775 340 872; x_wconf 78' lang='grc' dir='ltr'>σύνοδος,</span> <span class='ocrx_word' id='word_1_13' title='bbox 358 777 406 858; x_wconf 82' lang='grc' dir='ltr'>ὡς</span> <span class='ocrx_word' id='word_1_14' title='bbox 433 774 517 860; x_wconf 86' lang='grc' dir='ltr'>είτις</span> <span class='ocrx_word' id='word_1_15' title='bbox 544 775 698 878; x_wconf 79' lang='grc' dir='ltr'>εὑρεθείη</span> <span class='ocrx_word' id='word_1_16' title='bbox 716 771 807 873; x_wconf 81' lang='grc' dir='ltr'>μετὰ</span> <span class='ocrx_word' id='word_1_17' title='bbox 833 772 897 855; x_wconf 84' lang='grc' dir='ltr'>τὸν</span> <span class='ocrx_word' id='word_1_18' title='bbox 915 773 1000 876; x_wconf 86' lang='grc' dir='ltr'>ὅρον</span> <span class='ocrx_word' id='word_1_19' title='bbox 1016 784 1144 856; x_wconf 83' lang='grc' dir='ltr'>τοῦτον</span> <span class='ocrx_word' id='word_1_20' title='bbox 1161 774 1223 857; x_wconf 83' lang='grc' dir='ltr'>τό·</span> 
     </span>
     <span class='ocr_line' id='line_1_4' title="bbox 178 897 1224 1006; baseline 0.001 -24"><span class='ocrx_word' id='word_1_21' title='bbox 178 937 261 988; x_wconf 85' lang='grc' dir='ltr'>κους</span> <span class='ocrx_word' id='word_1_22' title='bbox 288 898 500 1000; x_wconf 74' lang='grc' dir='ltr'>λαμβάνειν,</span> <span class='ocrx_word' id='word_1_23' title='bbox 522 903 562 982; x_wconf 85' lang='grc' dir='ltr'>ἐκ</span> <span class='ocrx_word' id='word_1_24' title='bbox 585 899 870 1005; x_wconf 82' lang='grc' dir='ltr'>μεταχειρήσεως</span> <span class='ocrx_word' id='word_1_25' title='bbox 896 897 920 1001; x_wconf 81' lang='grc' dir='ltr'>ἢ</span> <span class='ocrx_word' id='word_1_26' title='bbox 948 901 1073 987; x_wconf 77' lang='grc' dir='ltr'>ἄλλως</span> <span class='ocrx_word' id='word_1_27' title='bbox 1099 936 1224 1006; x_wconf 86' lang='grc' dir='ltr'>μετερ·</span> 
     </span>
     <span class='ocr_line' id='line_1_5' title="bbox 179 1027 1230 1134; baseline 0.005 -24"><span class='ocrx_word' id='word_1_28' title='bbox 179 1029 329 1134; x_wconf 87' lang='grc' dir='ltr'>χόμενος</span> <span class='ocrx_word' id='word_1_29' title='bbox 365 1028 408 1112; x_wconf 80' lang='grc' dir='ltr'>τὸ</span> <span class='ocrx_word' id='word_1_30' title='bbox 444 1035 607 1133; x_wconf 84' lang='grc' dir='ltr'>πρᾶγμα,</span> <span class='ocrx_word' id='word_1_31' title='bbox 635 1027 658 1129; x_wconf 79' lang='grc' dir='ltr'>ἢ</span> <span class='ocrx_word' id='word_1_32' title='bbox 686 1029 852 1129; x_wconf 79' lang='grc' dir='ltr'>ἡμιολίας</span> <span class='ocrx_word' id='word_1_33' title='bbox 880 1029 1102 1130; x_wconf 79' lang='grc' dir='ltr'>ἀπαιτῶν,ἢ</span> <span class='ocrx_word' id='word_1_34' title='bbox 1135 1029 1230 1116; x_wconf 81' lang='grc' dir='ltr'>ὅλοις</span> 
     </span>
     <span class='ocr_line' id='line_1_6' title="bbox 153 1155 1225 1263; baseline 0 -25"><span class='ocrx_word' id='word_1_35' title='bbox 153 1155 299 1261; x_wconf 82' lang='grc' dir='ltr'>5ἐτερόν</span> <span class='ocrx_word' id='word_1_36' title='bbox 325 1191 361 1238; x_wconf 93' lang='grc' dir='ltr'>τι</span> <span class='ocrx_word' id='word_1_37' title='bbox 387 1159 537 1238; x_wconf 81' lang='grc' dir='ltr'>ἐπινοῶν</span> <span class='ocrx_word' id='word_1_38' title='bbox 570 1161 724 1261; x_wconf 66' lang='grc' dir='ltr'>αἰσχροῦ</span> <span class='ocrx_word' id='word_1_39' title='bbox 750 1155 895 1261; x_wconf 82' lang='grc' dir='ltr'>κε’ρδους</span> <span class='ocrx_word' id='word_1_40' title='bbox 922 1157 1033 1256; x_wconf 82' lang='grc' dir='ltr'>ἕνεκα,</span> <span class='ocrx_word' id='word_1_41' title='bbox 1061 1164 1225 1263; x_wconf 81' lang='grc' dir='ltr'>καθαιρε-</span> 
     </span>
     <span class='ocr_line' id='line_1_7' title="bbox 181 1282 1233 1390; baseline 0.002 -24"><span class='ocrx_word' id='word_1_42' title='bbox 181 1283 332 1384; x_wconf 84' lang='grc' dir='ltr'>θήσεται</span> <span class='ocrx_word' id='word_1_43' title='bbox 368 1293 432 1366; x_wconf 85' lang='grc' dir='ltr'>τοῦ</span> <span class='ocrx_word' id='word_1_44' title='bbox 469 1283 614 1388; x_wconf 84' lang='grc' dir='ltr'>κλήρου,</span> <span class='ocrx_word' id='word_1_45' title='bbox 653 1287 713 1366; x_wconf 87' lang='grc' dir='ltr'>καὶ</span> <span class='ocrx_word' id='word_1_46' title='bbox 753 1282 946 1390; x_wconf 73' lang='grc' dir='ltr'>ἀλλότριος</span> <span class='ocrx_word' id='word_1_47' title='bbox 980 1292 1046 1366; x_wconf 84' lang='grc' dir='ltr'>τοῦ</span> <span class='ocrx_word' id='word_1_48' title='bbox 1084 1287 1233 1374; x_wconf 85' lang='grc' dir='ltr'>κανόνος</span> 
     </span>
    </p>
   </div>
   <div class='ocr_carea' id='block_1_3' title="bbox 182 1410 295 1489">
    <p class='ocr_par' dir='ltr' id='par_1_3' title="bbox 182 1410 295 1489">
     <span class='ocr_line' id='line_1_8' title="bbox 182 1410 295 1489; baseline 0 0"><span class='ocrx_word' id='word_1_49' title='bbox 182 1410 295 1489; x_wconf 84' lang='grc' dir='ltr'>ἐσται.</span> 
     </span>
    </p>
   </div>
   <div class='ocr_carea' id='block_1_4' title="bbox 143 1636 1241 2532">
    <p class='ocr_par' dir='ltr' id='par_1_4' title="bbox 143 1636 1241 2532">
     <span class='ocr_line' id='line_1_9' title="bbox 559 1636 861 1715; baseline 0.01 -3"><span class='ocrx_word' id='word_1_50' title='bbox 559 1636 762 1712; x_wconf 85' lang='grc' dir='ltr'>ΚΑΝΩΝ</span> <span class='ocrx_word' id='word_1_51' title='bbox 792 1638 861 1715; x_wconf 85' lang='grc' dir='ltr'>ΙΗ.</span> 
     </span>
     <span class='ocr_line' id='line_1_10' title="bbox 234 1785 1236 1894; baseline 0 -25"><span class='ocrx_word' id='word_1_52' title='bbox 234 1785 380 1869; x_wconf 88' lang='grc' dir='ltr'>Ἦλθεν</span> <span class='ocrx_word' id='word_1_53' title='bbox 407 1794 456 1872; x_wconf 78' lang='grc' dir='ltr'>εἰς</span> <span class='ocrx_word' id='word_1_54' title='bbox 482 1785 549 1889; x_wconf 77' lang='grc' dir='ltr'>τὴν</span> <span class='ocrx_word' id='word_1_55' title='bbox 577 1789 684 1892; x_wconf 85' lang='grc' dir='ltr'>ἁγίαν</span> <span class='ocrx_word' id='word_1_56' title='bbox 711 1792 771 1870; x_wconf 78' lang='grc' dir='ltr'>καὶ</span> <span class='ocrx_word' id='word_1_57' title='bbox 797 1788 961 1894; x_wconf 79' lang='grc' dir='ltr'>μεγάλην</span> <span class='ocrx_word' id='word_1_58' title='bbox 988 1791 1152 1887; x_wconf 79' lang='grc' dir='ltr'>σύνοδον,</span> <span class='ocrx_word' id='word_1_59' title='bbox 1180 1789 1236 1870; x_wconf 83' lang='grc' dir='ltr'>ὅτι</span> 
     </span>
     <span class='ocr_line' id='line_1_11' title="bbox 143 1915 1237 2022; baseline 0.003 -26"><span class='ocrx_word' id='word_1_60' title='bbox 143 1919 225 2000; x_wconf 83' lang='grc' dir='ltr'>ιοέν</span> <span class='ocrx_word' id='word_1_61' title='bbox 255 1952 332 1999; x_wconf 90' lang='grc' dir='ltr'>τισι</span> <span class='ocrx_word' id='word_1_62' title='bbox 364 1916 486 2002; x_wconf 82' lang='grc' dir='ltr'>τόποις</span> <span class='ocrx_word' id='word_1_63' title='bbox 518 1920 578 1997; x_wconf 85' lang='grc' dir='ltr'>καὶ</span> <span class='ocrx_word' id='word_1_64' title='bbox 613 1915 757 2014; x_wconf 85' lang='grc' dir='ltr'>πόλεσι,</span> <span class='ocrx_word' id='word_1_65' title='bbox 785 1924 859 2002; x_wconf 81' lang='grc' dir='ltr'>τοῖς</span> <span class='ocrx_word' id='word_1_66' title='bbox 885 1917 1144 2022; x_wconf 76' lang='grc' dir='ltr'>πρεσβυτέροις</span> <span class='ocrx_word' id='word_1_67' title='bbox 1170 1915 1237 2018; x_wconf 83' lang='grc' dir='ltr'>τὴν</span> 
     </span>
     <span class='ocr_line' id='line_1_12' title="bbox 188 2041 1236 2149; baseline 0 -25"><span class='ocrx_word' id='word_1_68' title='bbox 188 2046 417 2148; x_wconf 82' lang='grc' dir='ltr'>εὐχαριστίαν</span> <span class='ocrx_word' id='word_1_69' title='bbox 444 2049 478 2124; x_wconf 88' lang='grc' dir='ltr'>οί</span> <span class='ocrx_word' id='word_1_70' title='bbox 505 2042 660 2124; x_wconf 77' lang='grc' dir='ltr'>διάκονοι</span> <span class='ocrx_word' id='word_1_71' title='bbox 685 2043 857 2144; x_wconf 86' lang='grc' dir='ltr'>διδόασιν,</span> <span class='ocrx_word' id='word_1_72' title='bbox 875 2041 1000 2149; x_wconf 77' lang='grc' dir='ltr'>ὥσπερ</span> <span class='ocrx_word' id='word_1_73' title='bbox 1022 2048 1102 2126; x_wconf 71' lang='grc' dir='ltr'>οὔτε</span> <span class='ocrx_word' id='word_1_74' title='bbox 1125 2046 1146 2126; x_wconf 83' lang='grc' dir='ltr'>ὁ</span> <span class='ocrx_word' id='word_1_75' title='bbox 1168 2079 1236 2125; x_wconf 88' lang='grc' dir='ltr'>κα-</span> 
     </span>
     <span class='ocr_line' id='line_1_13' title="bbox 189 2169 1239 2282; baseline 0.003 -31"><span class='ocrx_word' id='word_1_76' title='bbox 189 2171 261 2252; x_wconf 79' lang='grc' dir='ltr'>νὼν</span> <span class='ocrx_word' id='word_1_77' title='bbox 293 2173 373 2252; x_wconf 70' lang='grc' dir='ltr'>οὔτε</span> <span class='ocrx_word' id='word_1_78' title='bbox 402 2171 423 2271; x_wconf 88' lang='grc' dir='ltr'><strong><em>ἡ</em></strong></span> <span class='ocrx_word' id='word_1_79' title='bbox 462 2169 634 2272; x_wconf 74' lang='grc' dir='ltr'>συνήθεια</span> <span class='ocrx_word' id='word_1_80' title='bbox 664 2171 856 2276; x_wconf 72' lang='grc' dir='ltr'>παρέδωκε,</span> <span class='ocrx_word' id='word_1_81' title='bbox 883 2171 966 2258; x_wconf 73' lang='grc' dir='ltr'>τοὺς</span> <span class='ocrx_word' id='word_1_82' title='bbox 992 2173 1162 2282; x_wconf 81' lang='grc' dir='ltr'>ἐξουσίαν</span> <span class='ocrx_word' id='word_1_83' title='bbox 1188 2171 1239 2272; x_wconf 79' lang='grc' dir='ltr'>μὴ</span> 
     </span>
     <span class='ocr_line' id='line_1_14' title="bbox 189 2297 1240 2408; baseline -0.002 -28"><span class='ocrx_word' id='word_1_84' title='bbox 189 2299 337 2407; x_wconf 78' lang='grc' dir='ltr'>ἔχοντας</span> <span class='ocrx_word' id='word_1_85' title='bbox 373 2299 606 2408; x_wconf 72' lang='grc' dir='ltr'>προσφέρειν,</span> <span class='ocrx_word' id='word_1_86' title='bbox 642 2307 716 2384; x_wconf 82' lang='grc' dir='ltr'>τοῖς</span> <span class='ocrx_word' id='word_1_87' title='bbox 751 2301 1004 2407; x_wconf 70' lang='grc' dir='ltr'>προσφέρουσι</span> <span class='ocrx_word' id='word_1_88' title='bbox 1036 2299 1170 2382; x_wconf 86' lang='grc' dir='ltr'>διδόναι</span> <span class='ocrx_word' id='word_1_89' title='bbox 1197 2297 1240 2379; x_wconf 82' lang='grc' dir='ltr'>τὸ</span> 
     </span>
     <span class='ocr_line' id='line_1_15' title="bbox 191 2425 1241 2532; baseline 0 -26"><span class='ocrx_word' id='word_1_90' title='bbox 191 2433 301 2528; x_wconf 83' lang='grc' dir='ltr'>σῶμα</span> <span class='ocrx_word' id='word_1_91' title='bbox 326 2434 390 2506; x_wconf 84' lang='grc' dir='ltr'>τοῦ</span> <span class='ocrx_word' id='word_1_92' title='bbox 408 2431 586 2530; x_wconf 84' lang='grc' dir='ltr'>Χριστοῦ.</span> <span class='ocrx_word' id='word_1_93' title='bbox 625 2432 764 2506; x_wconf 82' lang='grc' dir='ltr'>κακεῖνο</span> <span class='ocrx_word' id='word_1_94' title='bbox 789 2425 827 2506; x_wconf 83' lang='grc' dir='ltr'>δέ</span> <span class='ocrx_word' id='word_1_95' title='bbox 849 2427 1062 2532; x_wconf 83' lang='grc' dir='ltr'>ἐγνωρίσθη,</span> <span class='ocrx_word' id='word_1_96' title='bbox 1090 2426 1145 2508; x_wconf 79' lang='grc' dir='ltr'>ὅτι</span> <span class='ocrx_word' id='word_1_97' title='bbox 1171 2425 1241 2525; x_wconf 83' lang='grc' dir='ltr'>ἤδη</span> 
     </span>
    </p>
   </div>
   <div class='ocr_carea' id='block_1_5' title="bbox 148 2551 1246 3169">
    <p class='ocr_par' dir='ltr' id='par_1_5' title="bbox 148 2551 1246 3169">
     <span class='ocr_line' id='line_1_16' title="bbox 148 2551 1238 2658; baseline -0.001 -23"><span class='ocrx_word' id='word_1_98' title='bbox 148 2597 158 2635; x_wconf 85' lang='grc' dir='ltr'>ι</span> <span class='ocrx_word' id='word_1_99' title='bbox 164 2593 180 2655; x_wconf 84' lang='lat'>5</span> <span class='ocrx_word' id='word_1_100' title='bbox 192 2552 282 2640; x_wconf 84' lang='grc' dir='ltr'>τινές</span> <span class='ocrx_word' id='word_1_101' title='bbox 307 2561 381 2637; x_wconf 81' lang='grc' dir='ltr'>τῶν</span> <span class='ocrx_word' id='word_1_102' title='bbox 401 2553 574 2636; x_wconf 81' lang='grc' dir='ltr'>διακόνων</span> <span class='ocrx_word' id='word_1_103' title='bbox 601 2555 660 2634; x_wconf 79' lang='grc' dir='ltr'>καὶ</span> <span class='ocrx_word' id='word_1_104' title='bbox 680 2551 753 2658; x_wconf 79' lang='grc' dir='ltr'>πρὸ</span> <span class='ocrx_word' id='word_1_105' title='bbox 777 2561 850 2635; x_wconf 81' lang='grc' dir='ltr'>τῶν</span> <span class='ocrx_word' id='word_1_106' title='bbox 873 2553 1081 2638; x_wconf 83' lang='grc' dir='ltr'>ἐπισκόπων</span> <span class='ocrx_word' id='word_1_107' title='bbox 1098 2559 1163 2656; x_wconf 84' lang='grc' dir='ltr'>τῆς</span> <span class='ocrx_word' id='word_1_108' title='bbox 1181 2556 1238 2634; x_wconf 81' lang='grc' dir='ltr'>εὐ·</span> 
     </span>
     <span class='ocr_line' id='line_1_17' title="bbox 193 2681 1240 2789; baseline 0 -25"><span class='ocrx_word' id='word_1_109' title='bbox 193 2685 381 2788; x_wconf 86' lang='grc' dir='ltr'>χαριοτίας</span> <span class='ocrx_word' id='word_1_110' title='bbox 407 2681 591 2764; x_wconf 80' lang='grc' dir='ltr'>ἅπτονται.</span> <span class='ocrx_word' id='word_1_111' title='bbox 632 2689 746 2762; x_wconf 84' lang='grc' dir='ltr'>ταῦτα</span> <span class='ocrx_word' id='word_1_112' title='bbox 770 2683 833 2762; x_wconf 80' lang='grc' dir='ltr'>οὖν</span> <span class='ocrx_word' id='word_1_113' title='bbox 858 2681 979 2764; x_wconf 80' lang='grc' dir='ltr'>πάντα</span> <span class='ocrx_word' id='word_1_114' title='bbox 996 2681 1240 2789; x_wconf 77' lang='grc' dir='ltr'>περιηρήσθω·</span> 
     </span>
     <span class='ocr_line' id='line_1_18' title="bbox 194 2807 1241 2915; baseline -0.003 -23"><span class='ocrx_word' id='word_1_115' title='bbox 194 2815 254 2892; x_wconf 87' lang='grc' dir='ltr'>καὶ</span> <span class='ocrx_word' id='word_1_116' title='bbox 270 2810 520 2911; x_wconf 87' lang='grc' dir='ltr'>ἐμμενέτωσαν</span> <span class='ocrx_word' id='word_1_117' title='bbox 536 2813 570 2889; x_wconf 83' lang='grc' dir='ltr'>οί</span> <span class='ocrx_word' id='word_1_118' title='bbox 598 2807 752 2890; x_wconf 80' lang='grc' dir='ltr'>διάκονοι</span> <span class='ocrx_word' id='word_1_119' title='bbox 770 2817 844 2894; x_wconf 85' lang='grc' dir='ltr'>τοῖς</span> <span class='ocrx_word' id='word_1_120' title='bbox 862 2813 962 2896; x_wconf 79' lang='grc' dir='ltr'>ἰδίοις</span> <span class='ocrx_word' id='word_1_121' title='bbox 978 2810 1130 2915; x_wconf 73' lang='grc' dir='ltr'>μίτραις,</span> <span class='ocrx_word' id='word_1_122' title='bbox 1148 2807 1241 2890; x_wconf 80' lang='grc' dir='ltr'>εἶδό-</span> 
     </span>
     <span class='ocr_line' id='line_1_19' title="bbox 196 2932 1245 3038; baseline 0 -22"><span class='ocrx_word' id='word_1_123' title='bbox 196 2971 256 3022; x_wconf 92' lang='grc' dir='ltr'>τες</span> <span class='ocrx_word' id='word_1_124' title='bbox 286 2935 342 3018; x_wconf 82' lang='grc' dir='ltr'>ὅτι</span> <span class='ocrx_word' id='word_1_125' title='bbox 373 2944 437 3016; x_wconf 83' lang='grc' dir='ltr'>τοῦ</span> <span class='ocrx_word' id='word_1_126' title='bbox 468 2935 534 3035; x_wconf 80' lang='grc' dir='ltr'>μέν</span> <span class='ocrx_word' id='word_1_127' title='bbox 565 2932 764 3016; x_wconf 71' lang='grc' dir='ltr'>ἐπισκόπου</span> <span class='ocrx_word' id='word_1_128' title='bbox 797 2937 967 3038; x_wconf 76' lang='grc' dir='ltr'>ἰπτηρέται</span> <span class='ocrx_word' id='word_1_129' title='bbox 994 2938 1075 3033; x_wconf 83' lang='grc' dir='ltr'>είσὶ,</span> <span class='ocrx_word' id='word_1_130' title='bbox 1107 2943 1180 3015; x_wconf 83' lang='grc' dir='ltr'>τῶν</span> <span class='ocrx_word' id='word_1_131' title='bbox 1207 2935 1245 3017; x_wconf 87' lang='grc' dir='ltr'>δέ</span> 
     </span>
     <span class='ocr_line' id='line_1_20' title="bbox 196 3059 1246 3169; baseline -0.005 -22"><span class='ocrx_word' id='word_1_132' title='bbox 196 3063 452 3169; x_wconf 77' lang='grc' dir='ltr'>πρεσβυτέρων</span> <span class='ocrx_word' id='word_1_133' title='bbox 482 3059 652 3146; x_wconf 82' lang='grc' dir='ltr'>ἐλείπους</span> <span class='ocrx_word' id='word_1_134' title='bbox 688 3059 919 3166; x_wconf 80' lang='grc' dir='ltr'>τυγχάνουσι.</span> <span class='ocrx_word' id='word_1_135' title='bbox 957 3061 1246 3163; x_wconf 80' lang='grc' dir='ltr'>λαμβανέτωσαν</span> 
     </span>
    </p>
   </div>
   <div class='ocr_carea' id='block_1_6' title="bbox 199 3293 1256 4512">
    <p class='ocr_par' dir='ltr' id='par_1_6' title="bbox 199 3293 1256 4512">
     <span class='ocr_line' id='line_1_21' title="bbox 199 3293 1246 3378; baseline -0.008 -15"><span class='ocrx_word' id='word_1_136' title='bbox 199 3315 230 3364; x_wconf 78' lang='lat' dir='ltr'>ta</span> <span class='ocrx_word' id='word_1_137' title='bbox 243 3313 273 3362; x_wconf 87' lang='lat' dir='ltr'>et</span> <span class='ocrx_word' id='word_1_138' title='bbox 287 3318 391 3378; x_wconf 72' lang='lat' dir='ltr'><strong>magna</strong></span> <span class='ocrx_word' id='word_1_139' title='bbox 404 3295 543 3377; x_wconf 71' lang='lat' dir='ltr'>synodus,</span> <span class='ocrx_word' id='word_1_140' title='bbox 559 3305 594 3354; x_wconf 84' lang='lat' dir='ltr'>ut</span> <span class='ocrx_word' id='word_1_141' title='bbox 612 3293 704 3372; x_wconf 75' lang='lat' dir='ltr'>siquis</span> <span class='ocrx_word' id='word_1_142' title='bbox 744 3295 922 3376; x_wconf 67' lang='lat' dir='ltr'>presbyteris</span> <span class='ocrx_word' id='word_1_143' title='bbox 934 3297 1055 3374; x_wconf 74' lang='lat' dir='ltr'><strong>gratiam</strong></span> <span class='ocrx_word' id='word_1_144' title='bbox 1067 3317 1154 3356; x_wconf 71' lang='grc' dir='ltr'>ταυτα</span> <span class='ocrx_word' id='word_1_145' title='bbox 1168 3317 1246 3356; x_wconf 85' lang='lat' dir='ltr'>com-</span> 
     </span>
     <span class='ocr_line' id='line_1_22' title="bbox 200 3374 1246 3456; baseline -0.008 -14"><span class='ocrx_word' id='word_1_146' title='bbox 200 3383 340 3442; x_wconf 76' lang='lat' dir='ltr'>inventus</span> <span class='ocrx_word' id='word_1_147' title='bbox 358 3379 450 3438; x_wconf 79' lang='lat' dir='ltr'>fuerit</span> <span class='ocrx_word' id='word_1_148' title='bbox 464 3387 530 3456; x_wconf 75' lang='lat' dir='ltr'><strong>poet</strong></span> <span class='ocrx_word' id='word_1_149' title='bbox 544 3374 704 3434; x_wconf 77' lang='lat' dir='ltr'><strong>hanedefi.</strong></span> <span class='ocrx_word' id='word_1_150' title='bbox 745 3377 892 3436; x_wconf 76' lang='lat' dir='ltr'>munionis</span> <span class='ocrx_word' id='word_1_151' title='bbox 932 3377 1046 3437; x_wconf 76' lang='lat' dir='ltr'><strong>diaconi</strong></span> <span class='ocrx_word' id='word_1_152' title='bbox 1086 3379 1246 3456; x_wconf 79' lang='lat' dir='ltr'><strong>porrigant,</strong></span> 
     </span>
     <span class='ocr_line' id='line_1_23' title="bbox 201 3456 1247 3536; baseline -0.006 -14"><span class='ocrx_word' id='word_1_153' title='bbox 201 3463 342 3522; x_wconf 85' lang='lat' dir='ltr'><strong>nitionem</strong></span> <span class='ocrx_word' id='word_1_154' title='bbox 364 3479 466 3518; x_wconf 70' lang='lat' dir='ltr'>usuras</span> <span class='ocrx_word' id='word_1_155' title='bbox 485 3456 638 3535; x_wconf 73' lang='lat' dir='ltr'><strong>accipiens,</strong></span> <span class='ocrx_word' id='word_1_156' title='bbox 653 3467 705 3514; x_wconf 72' lang='lat' dir='ltr'>aut</span> <span class='ocrx_word' id='word_1_157' title='bbox 746 3457 825 3536; x_wconf 84' lang='lat' dir='ltr'><strong>quod</strong></span> <span class='ocrx_word' id='word_1_158' title='bbox 846 3477 899 3518; x_wconf 80' lang='lat' dir='ltr'>nec</span> <span class='ocrx_word' id='word_1_159' title='bbox 920 3456 1020 3536; x_wconf 78' lang='lat' dir='ltr'>regula</span> <span class='ocrx_word' id='word_1_160' title='bbox 1040 3477 1102 3526; x_wconf 77' lang='lat' dir='ltr'>nec,</span> <span class='ocrx_word' id='word_1_161' title='bbox 1125 3478 1247 3518; x_wconf 78' lang='lat' dir='ltr'>consue-</span> 
     </span>
     <span class='ocr_line' id='line_1_24' title="bbox 202 3534 1247 3616; baseline -0.007 -13"><span class='ocrx_word' id='word_1_162' title='bbox 202 3565 238 3604; x_wconf 82' lang='lat' dir='ltr'>ex</span> <span class='ocrx_word' id='word_1_163' title='bbox 251 3534 620 3616; x_wconf 79' lang='lat' dir='ltr'><strong>adinventioueuliqua,vel</strong></span> <span class='ocrx_word' id='word_1_164' title='bbox 632 3555 706 3614; x_wconf 87' lang='lat' dir='ltr'>quo.</span> <span class='ocrx_word' id='word_1_165' title='bbox 747 3538 820 3598; x_wconf 85' lang='lat' dir='ltr'><strong>tudo</strong></span> <span class='ocrx_word' id='word_1_166' title='bbox 844 3538 975 3604; x_wconf 73' lang='lat' dir='ltr'><strong>tradidit.</strong></span> <span class='ocrx_word' id='word_1_167' title='bbox 998 3550 1033 3597; x_wconf 89' lang='lat' dir='ltr'>ut</span> <span class='ocrx_word' id='word_1_168' title='bbox 1054 3540 1090 3598; x_wconf 77' lang='lat' dir='ltr'>ab</span> <span class='ocrx_word' id='word_1_169' title='bbox 1117 3539 1172 3606; x_wconf 74' lang='lat' dir='ltr'><strong>his,</strong></span> <span class='ocrx_word' id='word_1_170' title='bbox 1197 3538 1247 3616; x_wconf 86' lang='lat' dir='ltr'>qui</span> 
     </span>
     <span class='ocr_line' id='line_1_25' title="bbox 203 3616 1248 3698; baseline -0.011 -14"><span class='ocrx_word' id='word_1_171' title='bbox 203 3624 275 3684; x_wconf 80' lang='lat' dir='ltr'><strong>libet</strong></span> <span class='ocrx_word' id='word_1_172' title='bbox 303 3621 399 3688; x_wconf 88' lang='lat' dir='ltr'><strong>modo,</strong></span> <span class='ocrx_word' id='word_1_173' title='bbox 425 3617 573 3696; x_wconf 69' lang='lat' dir='ltr'><strong>negotium</strong></span> <span class='ocrx_word' id='word_1_174' title='bbox 599 3616 705 3675; x_wconf 74' lang='lat' dir='ltr'>transi.</span> <span class='ocrx_word' id='word_1_175' title='bbox 746 3629 920 3698; x_wconf 76' lang='lat' dir='ltr'><strong>potestatem</strong></span> <span class='ocrx_word' id='word_1_176' title='bbox 931 3639 989 3678; x_wconf 86' lang='lat' dir='ltr'>non</span> <span class='ocrx_word' id='word_1_177' title='bbox 1004 3619 1111 3678; x_wconf 71' lang='lat' dir='ltr'>habent</span> <span class='ocrx_word' id='word_1_178' title='bbox 1124 3620 1248 3678; x_wconf 73' lang='lat' dir='ltr'>offereu.</span> 
     </span>
     <span class='ocr_line' id='line_1_26' title="bbox 203 3695 1248 3782; baseline -0.006 -20"><span class='ocrx_word' id='word_1_179' title='bbox 203 3725 284 3782; x_wconf 81' lang='lat' dir='ltr'>gens,</span> <span class='ocrx_word' id='word_1_180' title='bbox 299 3715 350 3761; x_wconf 80' lang='lat' dir='ltr'>aut</span> <span class='ocrx_word' id='word_1_181' title='bbox 364 3697 500 3760; x_wconf 78' lang='lat' dir='ltr'><strong>hemiolia</strong></span> <span class='ocrx_word' id='word_1_182' title='bbox 515 3695 559 3770; x_wconf 85' lang='lat' dir='ltr'>(id</span> <span class='ocrx_word' id='word_1_183' title='bbox 575 3707 631 3764; x_wconf 80' lang='lat' dir='ltr'>est,</span> <span class='ocrx_word' id='word_1_184' title='bbox 646 3717 705 3756; x_wconf 75' lang='lat' dir='ltr'>ses-</span> <span class='ocrx_word' id='word_1_185' title='bbox 747 3701 788 3768; x_wconf 81' lang='lat' dir='ltr'>di,</span> <span class='ocrx_word' id='word_1_186' title='bbox 816 3699 870 3765; x_wconf 86' lang='lat' dir='ltr'>illi,</span> <span class='ocrx_word' id='word_1_187' title='bbox 898 3703 949 3778; x_wconf 88' lang='lat' dir='ltr'>qui</span> <span class='ocrx_word' id='word_1_188' title='bbox 976 3699 1114 3767; x_wconf 81' lang='lat' dir='ltr'><strong>offerunt,</strong></span> <span class='ocrx_word' id='word_1_189' title='bbox 1139 3699 1248 3758; x_wconf 79' lang='lat' dir='ltr'>Christi</span> 
     </span>
     <span class='ocr_line' id='line_1_27' title="bbox 203 3775 1250 3863; baseline -0.006 -19"><span class='ocrx_word' id='word_1_190' title='bbox 203 3783 302 3863; x_wconf 78' lang='lat' dir='ltr'><strong>cupla)</strong></span> <span class='ocrx_word' id='word_1_191' title='bbox 320 3785 448 3859; x_wconf 76' lang='lat' dir='ltr'>exigens,</span> <span class='ocrx_word' id='word_1_192' title='bbox 463 3777 510 3837; x_wconf 78' lang='lat' dir='ltr'>vel</span> <span class='ocrx_word' id='word_1_193' title='bbox 523 3777 634 3855; x_wconf 71' lang='lat' dir='ltr'><strong>aliquid</strong></span> <span class='ocrx_word' id='word_1_194' title='bbox 648 3775 706 3836; x_wconf 76' lang='lat'>2⁸10</span> <span class='ocrx_word' id='word_1_195' title='bbox 747 3801 853 3860; x_wconf 79' lang='grc' dir='ltr'>οοτρυι</span> <span class='ocrx_word' id='word_1_196' title='bbox 877 3780 1028 3860; x_wconf 77' lang='lat' dir='ltr'><strong>accipiant.</strong></span> <span class='ocrx_word' id='word_1_197' title='bbox 1071 3780 1195 3838; x_wconf 78' lang='lat' dir='ltr'>Necnon</span> <span class='ocrx_word' id='word_1_198' title='bbox 1219 3791 1250 3838; x_wconf 85' lang='lat' dir='ltr'>et</span> 
     </span>
     <span class='ocr_line' id='line_1_28' title="bbox 204 3856 1251 3944; baseline -0.005 -21"><span class='ocrx_word' id='word_1_199' title='bbox 204 3884 323 3944; x_wconf 73' lang='lat' dir='ltr'>prorsus</span> <span class='ocrx_word' id='word_1_200' title='bbox 336 3862 505 3938; x_wconf 80' lang='lat' dir='ltr'>excogitans</span> <span class='ocrx_word' id='word_1_201' title='bbox 518 3859 614 3937; x_wconf 80' lang='lat' dir='ltr'>turpis</span> <span class='ocrx_word' id='word_1_202' title='bbox 632 3856 706 3916; x_wconf 85' lang='lat' dir='ltr'><strong>lucri</strong></span> <span class='ocrx_word' id='word_1_203' title='bbox 748 3861 821 3920; x_wconf 86' lang='lat' dir='ltr'><strong>illud</strong></span> <span class='ocrx_word' id='word_1_204' title='bbox 831 3859 1179 3939; x_wconf 74' lang='lat' dir='ltr'><strong>innotuit,quodquidam</strong></span> <span class='ocrx_word' id='word_1_205' title='bbox 1189 3859 1251 3918; x_wconf 79' lang='lat' dir='ltr'>dia-</span> 
     </span>
     <span class='ocr_line' id='line_1_29' title="bbox 205 3939 1252 4022; baseline -0.004 -20"><span class='ocrx_word' id='word_1_206' title='bbox 205 3945 314 4022; x_wconf 76' lang='lat' dir='ltr'><strong>gratia:</strong></span> <span class='ocrx_word' id='word_1_207' title='bbox 347 3943 499 4019; x_wconf 80' lang='lat' dir='ltr'><strong>dejiciatur</strong></span> <span class='ocrx_word' id='word_1_208' title='bbox 524 3959 540 3998; x_wconf 81' lang='lat' dir='ltr'><strong>a</strong></span> <span class='ocrx_word' id='word_1_209' title='bbox 564 3939 651 4007; x_wconf 86' lang='lat' dir='ltr'><strong>clero,</strong></span> <span class='ocrx_word' id='word_1_210' title='bbox 674 3948 705 3996; x_wconf 84' lang='lat' dir='ltr'>et</span> <span class='ocrx_word' id='word_1_211' title='bbox 748 3942 813 4000; x_wconf 89' lang='lat' dir='ltr'>coni</span> <span class='ocrx_word' id='word_1_212' title='bbox 838 3953 906 4000; x_wconf 78' lang='lat' dir='ltr'>ante</span> <span class='ocrx_word' id='word_1_213' title='bbox 926 3942 1077 4020; x_wconf 78' lang='lat' dir='ltr'><strong>episcopos</strong></span> <span class='ocrx_word' id='word_1_214' title='bbox 1097 3959 1176 4000; x_wconf 75' lang='grc' dir='ltr'>ιυυτα</span> <span class='ocrx_word' id='word_1_215' title='bbox 1199 3941 1252 3998; x_wconf 90' lang='lat' dir='ltr'>ob·</span> 
     </span>
     <span class='ocr_line' id='line_1_30' title="bbox 206 4019 1253 4114; baseline -0.006 -30"><span class='ocrx_word' id='word_1_216' title='bbox 206 4025 319 4084; x_wconf 77' lang='lat' dir='ltr'><strong>alienus</strong></span> <span class='ocrx_word' id='word_1_217' title='bbox 332 4019 590 4098; x_wconf 75' lang='lat' dir='ltr'><strong>existataregula.</strong></span> <span class='ocrx_word' id='word_1_218' title='bbox 749 4023 807 4082; x_wconf 76' lang='lat' dir='ltr'>luta</span> <span class='ocrx_word' id='word_1_219' title='bbox 831 4022 1010 4100; x_wconf 78' lang='lat' dir='ltr'><strong>contingant.</strong></span> <span class='ocrx_word' id='word_1_220' title='bbox 1061 4019 1134 4113; x_wconf 64' lang='grc' dir='ltr'>Ηγεο</span> <span class='ocrx_word' id='word_1_221' title='bbox 1162 4021 1253 4114; x_wconf 63' lang='grc' dir='ltr'>ἱςίῑρτ</span> 
     </span>
     <span class='ocr_line' id='line_1_31' title="bbox 313 4101 1254 4260; baseline -0.01 -17"><span class='ocrx_word' id='word_1_222' title='bbox 313 4167 464 4227; x_wconf 84' lang='grc' dir='ltr'>ιιιιι</span> <span class='ocrx_word' id='word_1_223' title='bbox 485 4164 607 4224; x_wconf 93' lang='grc' dir='ltr'>ιιι</span> <span class='ocrx_word' id='word_1_224' title='bbox 749 4101 1254 4260; x_wconf 64' lang='grc' dir='ltr'>ιιιιαῖιςιςῑιιιῑιις</span> 
     </span>
     <span class='ocr_line' id='line_1_32' title="bbox 251 4261 1251 4344; baseline -0.014 -12"><span class='ocrx_word' id='word_1_225' title='bbox 251 4273 389 4334; x_wconf 76' lang='lat' dir='ltr'>Pervenit</span> <span class='ocrx_word' id='word_1_226' title='bbox 415 4270 452 4330; x_wconf 76' lang='lat' dir='ltr'>ad</span> <span class='ocrx_word' id='word_1_227' title='bbox 476 4280 607 4329; x_wconf 76' lang='lat' dir='ltr'><strong>sanctum</strong></span> <span class='ocrx_word' id='word_1_228' title='bbox 629 4287 708 4344; x_wconf 75' lang='lat' dir='ltr'><strong>mag·</strong></span> <span class='ocrx_word' id='word_1_229' title='bbox 751 4273 842 4331; x_wconf 84' lang='lat' dir='ltr'><strong>entes,</strong></span> <span class='ocrx_word' id='word_1_230' title='bbox 862 4261 942 4339; x_wconf 85' lang='lat' dir='ltr'><strong>quod</strong></span> <span class='ocrx_word' id='word_1_231' title='bbox 962 4263 1163 4340; x_wconf 77' lang='lat' dir='ltr'>episcoporum</span> <span class='ocrx_word' id='word_1_232' title='bbox 1186 4263 1251 4338; x_wconf 86' lang='lat' dir='ltr'><strong>qui·</strong></span> 
     </span>
     <span class='ocr_line' id='line_1_33' title="bbox 209 4341 1255 4432; baseline -0.012 -19"><span class='ocrx_word' id='word_1_233' title='bbox 209 4375 337 4432; x_wconf 78' lang='lat' dir='ltr'><strong>numque</strong></span> <span class='ocrx_word' id='word_1_234' title='bbox 371 4351 536 4415; x_wconf 81' lang='lat' dir='ltr'><strong>concilium.</strong></span> <span class='ocrx_word' id='word_1_235' title='bbox 566 4348 645 4425; x_wconf 88' lang='lat' dir='ltr'><strong>quod</strong></span> <span class='ocrx_word' id='word_1_236' title='bbox 679 4349 710 4408; x_wconf 87' lang='lat' dir='ltr'>in</span> <span class='ocrx_word' id='word_1_237' title='bbox 751 4341 816 4402; x_wconf 88' lang='lat' dir='ltr'>dem</span> <span class='ocrx_word' id='word_1_238' title='bbox 826 4342 950 4400; x_wconf 76' lang='lat' dir='ltr'><strong>ministri</strong></span> <span class='ocrx_word' id='word_1_239' title='bbox 961 4343 1031 4408; x_wconf 81' lang='lat' dir='ltr'>sint.</span> <span class='ocrx_word' id='word_1_240' title='bbox 1043 4342 1255 4401; x_wconf 69' lang='lat' dir='ltr'>inferioresau.</span> 
     </span>
     <span class='ocr_line' id='line_1_34' title="bbox 209 4423 1256 4512; baseline -0.013 -18"><span class='ocrx_word' id='word_1_241' title='bbox 209 4433 380 4512; x_wconf 73' lang='lat' dir='ltr'><strong>quibusdam</strong></span> <span class='ocrx_word' id='word_1_242' title='bbox 402 4432 472 4492; x_wconf 73' lang='lat' dir='ltr'>locis</span> <span class='ocrx_word' id='word_1_243' title='bbox 490 4441 520 4490; x_wconf 84' lang='lat' dir='ltr'>et</span> <span class='ocrx_word' id='word_1_244' title='bbox 543 4429 711 4490; x_wconf 72' lang='lat' dir='ltr'>civitatibus</span> <span class='ocrx_word' id='word_1_245' title='bbox 751 4435 809 4484; x_wconf 77' lang='lat' dir='ltr'>tem</span> <span class='ocrx_word' id='word_1_246' title='bbox 832 4423 1009 4502; x_wconf 73' lang='lat' dir='ltr'>presbyteris</span> <span class='ocrx_word' id='word_1_247' title='bbox 1022 4423 1184 4482; x_wconf 79' lang='lat' dir='ltr'>habeantur</span> <span class='ocrx_word' id='word_1_248' title='bbox 1204 4443 1256 4502; x_wconf 82' lang='grc' dir='ltr'>ρετ</span> 
     </span>
    </p>
   </div>
   <div class='ocr_carea' id='block_1_7' title="bbox 0 0 1695 5192">
    <p class='ocr_par' dir='ltr' id='par_1_7' title="bbox 0 0 1695 5192">
     <span class='ocr_line' id='line_1_35' title="bbox 0 0 1695 5192; baseline 0 0"><span class='ocrx_word' id='word_1_249' title='bbox 0 0 1695 5192; x_wconf 95' lang='lat' dir='ltr'> </span> 
     </span>
    </p>
   </div>
  </div>
 </body>
</html>
