3326 5200
459 1489 1035 1594 FIRMILIANUS.

637 1789 862 1821 4-

369 2011 478 2082 Gun.
496 2009 646 2090 Cnvrus,
664 2007 762 2080 Hiet.
780 2005 851 2079 Lit.
870 2007 938 2078 vol.
958 2007 987 2078 Ι.
1005 2030 1039 2100 p.
1055 2012 1137 2078 123.

233 2153 653 2306 FIRMIhIANUS⁸,
673 2159 726 2226 vir
750 2179 889 2251 genere,
907 2157 1051 2249 pietate,
1069 2165 1177 2249 etque
1199 2179 1278 2228 eru-

326 2276 461 2346 ditione
486 2273 642 2356 illuetrie
660 2273 753 2344 eirea
778 2296 833 2344 an.
852 2277 936 2343 233.
955 2271 1125 2345 Oaesnreae
1142 2272 1279 2366 Cuppa-

231 2391 360 2464 (loeum
377 2391 562 2483 episcopus
579 2389 693 2460 faetus
711 2396 776 2460 eet.
829 2387 950 2458 Multa
966 2388 999 2457 ei
1017 2409 1100 2459 eum
1124 2387 1279 2482 Origene

231 2514 318 2577 tune
336 2506 486 2576 docendi
503 2525 651 2576 munere
665 2504 838 2578 Oaesareae
856 2504 893 2574 in
912 2503 1091 2575 Palestina
1107 2504 1280 2599 fungente

232 2621 452 2694 familiaritas
494 2621 703 2703 intercessit,
737 2621 847 2690 immo
881 2628 957 2690 tum
990 2643 1164 2714 propenso
1196 2643 1281 2714 erge

234 2736 428 2834 Origenem
469 2736 588 2806 auimo
631 2735 710 2818 fuit,
743 2744 786 2806 ut
818 2736 925 2806 medo
964 2735 1066 2807 illum
1109 2737 1146 2807 in
1180 2760 1280 2810 suam

234 2853 450 2946 provintiam
466 2850 512 2921 nd
529 2851 758 2922 eeelesianrm
775 2851 970 2922 utilitatem
987 2861 1161 2935 evocaret,
1174 2855 1281 2924 modo

234 2969 279 3040 nd
308 2971 424 3062 ipsum
455 2967 640 3037 visendum
665 2965 827 3037 Judneem
854 2989 966 3059 usque
994 2967 1281 3060 proficisceretur,

235 3094 376 3156 etcum
402 3105 445 3154 eo
472 3082 690 3174 aliquamdiu
712 3091 882 3165 maneret,
905 3091 947 3153 ut
968 3084 1139 3176 majorem
1164 3107 1282 3154 rerum

235 3202 434 3273 divinarum
463 3199 703 3294 cognitionem
733 3201 930 3292 perciperet
956 3197 1102 3288 (Euseb.
1128 3198 1189 3269 lib.
1212 3198 1281 3271 VI.

236 3338 266 3386 o.
285 3312 343 3386 26.
363 3317 437 3408 27.)
488 3314 593 3385 Tanti
623 3315 669 3386 ab
696 3314 860 3385 omnibus
885 3313 1027 3384 habitus
1053 3323 1117 3397 ent,
1144 3322 1186 3385 ιιι
1204 3337 1283 3408 gru·

237 3430 391 3501 rioribus
416 3430 573 3504 eeclesiae
595 3432 749 3525 negotiis
774 3453 817 3502 eo
840 3439 1001 3524 tempore
1024 3431 1167 3525 agitatis
1192 3452 1284 3500 sem·

236 3567 301 3640 per
333 3545 544 3618 interfuerit.
598 3545 750 3641 Magnus
784 3570 866 3618 eum
903 3545 1086 3639 Stephano
1121 3547 1284 3617 Romano

236 3661 405 3755 pontifiee
447 3663 494 3733 ob
536 3663 665 3760 dogma
707 3663 753 3735 de
787 3661 975 3735 Haeretiois
1010 3661 1285 3754 Rebnptizundie

238 3778 319 3849 lites
349 3779 520 3850 exercuit.
572 3779 706 3852 Conetn
731 3781 827 3850 enim
852 3780 1097 3873 episcoporum
1120 3778 1283 3860 Galatiae‚

240 3891 411 3989 Phrygiae,
462 3894 604 3979 Oilieiae,
651 3905 690 3968 et
735 3897 974 3989 proximarum
1027 3896 1284 3989 provinciarum

238 4011 373 4103 synodo
415 4010 601 4096 leonienei,
645 4012 810 4107 Cypriani
845 4013 1059 4084 sententium
1100 4011 1287 4084 haeretieoe

240 4125 358 4197 denuo
375 4147 451 4200 eme
471 4128 740 4222 rebaptizandos
765 4128 932 4200 adversus
958 4127 1179 4222 Stephanum
1205 4150 1289 4200 oon·

251 4349 267 4382 ·
280 4338 368 4398 conf.
384 4339 555 4410 'l'illemont¹
571 4343 697 4404 Memor.
714 4340 826 4401 Eeclen.
842 4339 879 4399 ed
894 4339 958 4400 Vit.
974 4340 1134 4402 Firmilien.
1149 4343 1206 4404 rol.
1223 4345 1278 4406 lV.
