3310 5224
422 455 465 518 48
761 451 793 514 S.
810 448 1133 516 HIPPOLY'PUS.

421 625 452 684 in
475 624 608 684 Concilio
629 624 820 686 Latemoensi
837 621 876 680 A.
888 622 924 681 G.
944 624 1013 700 649.
1034 621 1135 684 habito
1155 632 1177 682 t.
1193 620 1251 680 vl.
1273 620 1345 682 edit.
1359 621 1471 684 labbei

422 723 579 894 2:²⁸2&
597 821 701 878 ἁπάσας
721 822 834 894 αἱρέσεις
854 817 965 888 Euseb.
1007 817 1086 878 Vide
1106 816 1246 881 Photium
1268 817 1332 880 cod.
1351 837 1417 878 ιιι.
1440 777 1478 890 οι.

423 916 581 997 Hippolyti
605 916 704 996 Opera
725 927 748 976 t.
758 917 784 975 1.
806 937 834 996 p.
850 934 917 992 ²²3·
938 934 997 993 seq.
1035 916 1096 988 (Ito
1119 915 1280 974 Fabricius.
1326 915 1401 990 Quae
1423 915 1472 976 hic

421 1013 536 1073 edimus
551 1013 709 1093 Hippolyti
732 1013 839 1072 Contra
856 1011 941 1072 Nocti
959 1012 1115 1079 Haererr'm,
1130 1023 1243 1090 portem
1258 1031 1321 1072 esse
1341 1011 1470 1088 ejusdem

423 1110 520 1189 operis
530 1110 590 1186 jam
605 1110 657 1169 diu
672 1109 779 1190 perditi
794 1109 957 1188 significant
972 1108 1073 1182 Photii
1087 1109 1186 1178 verbe,
1200 1109 1366 1182 Ἀναγνῶσθα
1379 1112 1471 1176 βιβλι-

422 1211 511 1282 δόριον
523 1207 690 1266 Ἱππολύτου.
725 1210 848 1278 Martyris
862 1209 890 1264 δὲ
904 1207 1039 1280 Elpryvoiov
1059 1205 1251 1264 rl‘lrmolo'rros.
1274 1205 1305 1275 ἦν
1318 1208 1347 1262 δὲ
1361 1209 1391 1265 τὸ
1405 1205 1468 1262 οὖν·

421 1329 507 1378 τογμο
527 1308 590 1362 κατὰ
607 1307 730 1380 αἱρέσεων
751 1305 806 1372 λβ.
834 1304 918 1378 ἀρχὴν
940 1304 1094 1376 ποιούμενον
1117 1303 1301 1370 Δοσιθεονοὺν,
1326 1305 1368 1358 καὶ
1391 1306 1469 1378 μέχρι

422 1409 524 1474 Nono&
548 1406 589 1459 καὶ
608 1407 756 1475 Ναητιανῶν
775 1404 960 1474 διαλαμβάνον.
981 1421 1011 1480 p.
1028 1415 1092 1478 195.
1107 1400 1152 1460 ed.
1164 1399 1292 1459 Bekker.
1335 1400 1418 1472 Quin
1439 1411 1469 1460 et

422 1499 455 1558 S.
465 1499 649 1579 Epiphanio
670 1499 774 1560 saeculo
794 1498 923 1558 ecclesie
936 1508 1041 1577 quarto
1063 1509 1174 1579 partem
1189 1496 1316 1574 aliquam
1337 1497 1469 1578 disputo-

420 1597 510 1656 tionis
524 1607 625 1656 contra
636 1597 778 1665 Noetum,
794 1595 845 1656 sed
855 1605 973 1656 auctore
987 1595 1066 1655 houd
1080 1596 1239 1664 nominato,
1255 1615 1336 1654 more
1349 1615 1403 1655 suo
1417 1615 1469 1655 ex.

511 1714 543 1751 1.

420 1697 557 1850 scripit?
566 1789 721 1868 legendum
740 1810 794 1869 pro
814 1810 849 1849 eo
871 1790 950 1867 quod
970 1790 1078 1851 habent
1099 1789 1185 1849 editt.
1205 1792 1272 1864 πρὸς
1293 1793 1402 1868 ὁμιλιῶν
1422 1790 1470 1852 vel

419 1892 479 1964 περὶ
498 1892 614 1961 ὁμιλιῶν.
657 1887 802 1946 Ceterum
824 1908 860 1947 ex
882 1888 998 1968 scriptis
1020 1887 1179 1966 Hippolyti
1201 1886 1332 1946 Eusebio
1347 1887 1404 1948 v1.
1422 1908 1469 1948 ον.

420 1987 585 2045 memoratis
607 1986 643 2046 eb
666 1985 849 2064 Hieronymo
870 1985 1018 2045 omittitur
1040 2005 1105 2062 quae
1128 1985 1159 2043 in
1184 1984 1351 2046 Ezechielis
1373 1988 1469 2066 copits

419 2082 550 2161 quodem
565 2083 616 2141 ille
629 2084 793 2163 scripserat,
812 2085 849 2144 cle
866 2084 932 2158 μέρη
951 2089 997 2140 τοῦ
1015 2084 1144 2155 'leccatrix
1181 2082 1260 2142 Vide
1273 2092 1296 2141 t.
1309 2081 1334 2142 l.
1351 2083 1468 2164 Hippo·

419 2180 474 2260 lyti
488 2201 554 2259 pag.
569 2196 636 2255 271.
