3310 5224
594 509 857 576 PRAEFATIO.
1227 511 1251 576 ‘i

199 692 223 724 “
236 685 372 751 eundem
393 689 556 748 auctorem
578 683 673 769 plane
694 683 805 759 habet,
826 679 870 745 ibi
892 679 1020 754 deesse;
1045 679 1101 744 sed
1123 678 1251 750 interim

80 791 83 804 '
201 795 223 825 “
237 787 380 853 versione
394 785 493 850 veteri
510 785 627 851 Latina
641 785 784 850 contenti
799 805 868 848 esse
884 782 1045 860 debemus,
1060 782 1160 846 donec
1180 803 1250 866 per-

200 897 223 927 “
237 889 357 955 fectum
385 887 547 974 exemplar
575 910 654 953 cura
681 886 860 974 principum
890 892 923 950 et
957 885 1177 972 episcoporum
1211 906 1251 949 ex

200 998 223 1029 ‘⁴
235 990 363 1058 Gracia
375 990 540 1077 procurari
555 990 685 1077 possit.”
716 991 799 1054 Haeo
814 989 963 1054 Surenas

171 1459 192 1516 5
245 1432 396 1499 PORRO
418 1433 588 1498 contudisse
611 1455 644 1497 se
666 1431 713 1496 ait
735 1429 927 1504 Helloixius,
951 1429 985 1494 in
1005 1428 1089 1494 netis
1110 1428 1144 1493 in
1167 1429 1252 1494 idern

201 1535 301 1622 Opus,
326 1535 412 1601 aliud
436 1535 578 1621 epistciae
607 1535 702 1619 hujus
727 1527 918 1618 exemplum,
943 1533 1029 1618 quod
1053 1533 1095 1597 ab
1120 1533 1253 1597 Andron

201 1637 522 1723 Schottoacceperat,
529 1637 714 1723 priusquam
724 1636 784 1700 sibi
795 1635 932 1700 misisset
942 1635 1128 1700 Sirmcndus
1136 1635 1253 1720 episto-

202 1740 266 1806 iem
279 1748 298 1778 ‘⁴
310 1741 385 1805 olim
400 1741 511 1806 Rornae
526 1762 566 1806 ex
581 1740 729 1804 Turniani
744 1738 930 1824 apographo
944 1739 1068 1824 abipso
1084 1737 1252 1802 Sirmondo

204 1849 225 1880 “
239 1843 461 1929 descriptam?
480 1865 510 1929 p.
522 1845 601 1928 596.
642 1842 706 1907 Sed
731 1863 861 1927 prorsus
880 1839 981 1906 simile
1001 1839 1138 1904 alterum
1159 1838 1252 1903 alteri

160 1945 323 2012 reinvenit
341 1943 532 2010 Helloixius.
577 1943 660 2008 Dein
680 1965 752 2008 cum
771 1943 943 2008 -Schottani
966 1941 1154 2027 exemplaris
1175 1963 1252 2026 apc-

203 2048 360 2135 graphum
381 2069 403 2112 a
428 2047 582 2113 Selmesio
606 2069 679 2112 cum
704 2045 815 2112 Isaaco
840 2045 957 2110 Vossio
984 2044 1252 2110 communicatum

204 2157 297 2230 esset,
313 2150 374 2216 hoc
387 2150 471 2216 idem
486 2172 583 2236 penes
598 2149 766 2214 Usserium
781 2148 926 2214 extitisse
940 2146 1090 2213 discimus
1106 2169 1145 2212 ex
1161 2147 1252 2212 initio

204 2260 353 2319 notarum
366 2253 461 2339 hujus
475 2252 650 2318 doctissimi
667 2251 809 2338 praesulis
824 2251 857 2315 in
878 2250 1045 2338 Polycarpi
1061 2249 1251 2337 Epistolam,

205 2377 270 2421 una
290 2377 363 2420 cum
385 2355 571 2442 Ignatianis,
596 2355 712 2421 Osonii
730 2377 815 2420 anno
840 2356 930 2435 1644.
950 2353 1035 2440 typis
1056 2353 1251 2440 impressam.

160 2483 172 2521 ι
178 2479 195 2541 5
205 2457 316 2543 Atque
329 2457 426 2523 alium
439 2465 596 2545 praeterea
610 2464 721 2523 extare
737 2457 909 2523 Florentiae
920 2456 1072 2535 codicem,
1085 2457 1254 2522 Librorum

207 2561 304 2626 MSS.
318 2561 536 2626 Medicecrum
547 2560 720 2646 Oatalogus
729 2558 946 2624 Bandinianus
956 2559 1108 2638 ostendit,
1121 2559 1174 2646 qui
1186 2561 1253 2645 qui·

206 2662 279 2728 dem
295 2663 411 2728 MStus
424 2662 467 2727 ab
476 2661 546 2748 ipso
556 2663 681 2728 Smitho
695 2662 729 2726 in
740 2662 864 2726 edendo
879 2661 1056 2748 Polycarpo
1067 2661 1183 2728 edatius
1192 2671 1251 2729 est.

207 2764 256 2828 At
280 2784 355 2828 vcro
376 2762 460 2828 hunc
481 2770 609 2829 tantum
631 2785 699 2829 esse
721 2763 940 2850 apographum
961 2762 1094 2850 alicujus
1117 2763 1253 2830 Romani

207 2864 332 2943 codicis,
353 2864 402 2929 vel
419 2863 583 2944 Vaticani,
598 2865 646 2931 vel
663 2865 746 2930 illias
761 2865 944 2945 Columnaei
960 2887 1054 2951 quem
1074 2865 1254 2952 antiquissi-

160 2988 294 3031 2omum
308 2988 377 3031 esse
391 2965 489 3032 refert
505 2965 696 3047 Helloixius,
712 2967 823 3032 vulnus
838 2966 959 3034 indicet
973 2989 1138 3033 commune
1154 2969 1254 3032 omni-

208 3070 268 3134 bus
289 3068 458 3155 Polycarpi
480 3070 713 3156 manuscriptis,
729 3070 815 3155 quod
839 3069 982 3135 Smithus
1001 3092 1098 3156 snpra
1120 3091 1254 3135 comme-

208 3171 352 3237 moravit.
397 3171 512 3258 Neque
533 3173 656 3238 interea
676 3171 757 3237 liber
779 3171 951 3238 Florentiae
974 3181 1087 3238 extens
1106 3173 1190 3236 idem
1205 3179 1255 3237 est

208 3281 306 3360 atque
320 3273 421 3339 codex
435 3274 566 3339 celebris
579 3275 768 3362 Ignatianus
778 3274 991 3354 Florentinus,
1005 3275 1070 3339 sive
1080 3274 1254 3350 Mediceus,

210 3376 399 3463 quiquidem
409 3376 481 3441 MS.
492 3377 728 3442 haudcoutinet
738 3375 1092 3463 Polycarpiepistolam.
1119 3373 1255 3440 Hiatum

163 3503 198 3560 25
209 3501 292 3558 vero,
308 3481 349 3544 de
363 3501 426 3564 quc
437 3479 604 3564 loquimur,
616 3479 743 3565 supplet
758 3479 875 3564 partim
886 3477 1042 3543 Eusebius
1052 3477 1085 3542 in
1096 3477 1254 3556 Historia,

208 3583 301 3668 plene
326 3603 400 3647 vero
425 3587 459 3646 et
487 3581 611 3668 integre
635 3589 726 3647 vetus
752 3581 920 3667 Polycarpi
944 3580 1167 3666 interpretatio
1195 3580 1256 3646 La·

209 3683 290 3760 tina,
313 3703 409 3768 quam
429 3703 494 3748 una
520 3705 592 3748 oum
617 3683 762 3770 Dionysii
785 3683 991 3770 Areopagites
1016 3690 1114 3768 atque
1136 3680 1257 3769 Ignatii

208 3783 337 3869 scriptis
362 3783 482 3869 primm
506 3783 607 3850 edidit
632 3785 776 3851 Jaccbus
802 3785 909 3850 Faber
938 3785 1145 3870 Stapulensis,
1171 3805 1256 3850 anno

213 3887 306 3972 1498.
337 3885 478 3952 Parisiis.
523 3887 562 3952 In
592 3888 705 3954 Graeco
739 3895 846 3954 eutem
877 3887 1045 3974 Polycarpi
1074 3887 1257 3974 exemplari,

161 3990 294 4068 30unde
314 3989 424 4054 caeteri
445 3988 568 4055 codices
587 3990 777 4076 profluxere,
800 4011 898 4055 unum
920 3997 954 4056 et
974 3989 1110 4055 alterum
1136 3989 1255 4070 solium,

211 4090 308 4154 immo
327 4090 505 4177 quaternio,
526 4099 564 4157 ut
585 4091 684 4157 refert
706 4092 867 4170 Ueserius,
888 4092 931 4156 ad
946 4092 1065 4158 calcem
1089 4092 1257 4180 Polycarpi

211 4192 377 4268 defuerat;
408 4213 448 4256 ex
469 4214 533 4279 quo
554 4193 676 4259 sactum
697 4201 756 4273 est,
779 4193 909 4259 utfinis
931 4193 1025 4279 hujus
1049 4194 1202 4280 epistolae,
1224 4205 1257 4261 et

211 4294 399 4381 principium
414 4294 556 4381 epistclae
572 4295 605 4360 S.
619 4297 787 4376 Barnabae,
799 4317 871 4361 oum
882 4296 1127 4383 conjungeretur
1137 4304 1257 4363 utrum-

210 4419 273 4482 que
284 4419 375 4482 opus,
388 4396 617 4463 interciderint.
652 4399 761 4484 Atque
771 4420 839 4464 rem
850 4399 897 4465 ita
908 4399 1036 4478 hebere,
1052 4399 1086 4464 id
1099 4400 1257 4466 versiones
