<?xml version="1.0" encoding="UTF-8"?>
<!DOCTYPE html PUBLIC "-//W3C//DTD XHTML 1.0 Transitional//EN"
    "http://www.w3.org/TR/xhtml1/DTD/xhtml1-transitional.dtd">
<html xmlns="http://www.w3.org/1999/xhtml" xml:lang="en" lang="en">
 <head>
  <title>
</title>
<meta http-equiv="Content-Type" content="text/html;charset=utf-8" />
  <meta name='ocr-system' content='tesseract 3.04.00' />
  <meta name='ocr-capabilities' content='ocr_page ocr_carea ocr_par ocr_line ocrx_word'/>
</head>
<body>
  <div class='ocr_page' id='page_1' title='image "./scriptorumeccle00routgoog_0114.png"; bbox 0 0 3316 5198; ppageno 0'>
   <div class='ocr_carea' id='block_1_1' title="bbox 433 927 1043 1034">
    <p class='ocr_par' dir='ltr' id='par_1_1' title="bbox 433 927 1043 1034">
     <span class='ocr_line' id='line_1_1' title="bbox 433 927 1043 1034; baseline 0.021 -12"><span class='ocrx_word' id='word_1_1' title='bbox 433 927 1043 1034; x_wconf 88' lang='lat' dir='ltr'><strong>TERTULLIANUS.</strong></span> 
     </span>
    </p>
   </div>
   <div class='ocr_carea' id='block_1_2' title="bbox 605 1213 870 1252">
    <p class='ocr_par' dir='ltr' id='par_1_2' title="bbox 605 1213 870 1252">
     <span class='ocr_line' id='line_1_2' title="bbox 605 1213 870 1252; baseline 0 -12"><span class='ocrx_word' id='word_1_2' title='bbox 605 1213 870 1252; x_wconf 44' lang='grc' dir='ltr'>-ψ-</span> 
     </span>
    </p>
   </div>
   <div class='ocr_carea' id='block_1_3' title="bbox 243 1400 1241 1633">
    <p class='ocr_par' dir='ltr' id='par_1_3' title="bbox 243 1400 1241 1633">
     <span class='ocr_line' id='line_1_3' title="bbox 243 1400 1241 1505; baseline 0.012 -34"><span class='ocrx_word' id='word_1_3' title='bbox 243 1400 280 1471; x_wconf 91' lang='lat' dir='ltr'>S.</span> <span class='ocrx_word' id='word_1_4' title='bbox 299 1400 564 1490; x_wconf 74' lang='lat' dir='ltr'>Hrmoarnos,</span> <span class='ocrx_word' id='word_1_5' title='bbox 581 1403 659 1477; x_wconf 85' lang='lat' dir='ltr'><strong><em>Lib.</em></strong></span> <span class='ocrx_word' id='word_1_6' title='bbox 672 1405 730 1478; x_wconf 85' lang='lat' dir='ltr'>Da</span> <span class='ocrx_word' id='word_1_7' title='bbox 756 1405 852 1479; x_wconf 76' lang='lat' dir='ltr'>Viris</span> <span class='ocrx_word' id='word_1_8' title='bbox 864 1406 1075 1494; x_wconf 76' lang='lat' dir='ltr'>Illustribaa,</span> <span class='ocrx_word' id='word_1_9' title='bbox 1093 1435 1168 1505; x_wconf 87' lang='lat' dir='ltr'>cap.</span> <span class='ocrx_word' id='word_1_10' title='bbox 1179 1411 1241 1482; x_wconf 92' lang='lat' dir='ltr'>liii.</span> 
     </span>
     <span class='ocr_line' id='line_1_4' title="bbox 498 1540 981 1633; baseline 0.006 -24"><span class='ocrx_word' id='word_1_11' title='bbox 498 1562 579 1633; x_wconf 85' lang='lat' dir='ltr'>pag.</span> <span class='ocrx_word' id='word_1_12' title='bbox 595 1543 680 1611; x_wconf 79' lang='lat'>124.</span> <span class='ocrx_word' id='word_1_13' title='bbox 698 1541 783 1612; x_wconf 83' lang='lat' dir='ltr'>edit.</span> <span class='ocrx_word' id='word_1_14' title='bbox 802 1540 981 1614; x_wconf 75' lang='lat' dir='ltr'>Fansrou.</span> 
     </span>
    </p>
   </div>
   <div class='ocr_carea' id='block_1_4' title="bbox 212 1701 1265 1924">
    <p class='ocr_par' dir='ltr' id='par_1_4' title="bbox 212 1701 1265 1924">
     <span class='ocr_line' id='line_1_5' title="bbox 212 1701 1265 1854; baseline 0.009 -75"><span class='ocrx_word' id='word_1_15' title='bbox 212 1701 658 1854; x_wconf 79' lang='lat' dir='ltr'><strong>TERTULLIANUS</strong></span> <span class='ocrx_word' id='word_1_16' title='bbox 684 1713 876 1808; x_wconf 83' lang='lat' dir='ltr'>presbyter,</span> <span class='ocrx_word' id='word_1_17' title='bbox 902 1739 997 1787; x_wconf 91' lang='lat' dir='ltr'>nunc</span> <span class='ocrx_word' id='word_1_18' title='bbox 1022 1718 1167 1787; x_wconf 93' lang='lat' dir='ltr'>demum</span> <span class='ocrx_word' id='word_1_19' title='bbox 1193 1719 1265 1810; x_wconf 93' lang='lat' dir='ltr'>pri-</span> 
     </span>
     <span class='ocr_line' id='line_1_6' title="bbox 312 1827 1263 1924; baseline 0.006 -27"><span class='ocrx_word' id='word_1_20' title='bbox 312 1850 392 1898; x_wconf 92' lang='lat' dir='ltr'>mus</span> <span class='ocrx_word' id='word_1_21' title='bbox 413 1836 495 1921; x_wconf 89' lang='lat' dir='ltr'>post</span> <span class='ocrx_word' id='word_1_22' title='bbox 512 1827 700 1901; x_wconf 74' lang='lat' dir='ltr'><strong>Victorem</strong></span> <span class='ocrx_word' id='word_1_23' title='bbox 721 1838 759 1900; x_wconf 89' lang='lat' dir='ltr'>et</span> <span class='ocrx_word' id='word_1_24' title='bbox 775 1828 1030 1924; x_wconf 74' lang='lat' dir='ltr'>Apollonium·</span> <span class='ocrx_word' id='word_1_25' title='bbox 1052 1831 1263 1903; x_wconf 81' lang='lat' dir='ltr'>Latinomm</span> 
     </span>
    </p>
   </div>
   <div class='ocr_carea' id='block_1_5' title="bbox 209 1943 1264 4361">
    <p class='ocr_par' dir='ltr' id='par_1_5' title="bbox 209 1943 1264 4361">
     <span class='ocr_line' id='line_1_7' title="bbox 211 1943 1263 2041; baseline 0.003 -25"><span class='ocrx_word' id='word_1_26' title='bbox 211 1948 364 2039; x_wconf 87' lang='lat' dir='ltr'>ponitur,</span> <span class='ocrx_word' id='word_1_27' title='bbox 389 1946 578 2037; x_wconf 87' lang='lat' dir='ltr'>provinciae</span> <span class='ocrx_word' id='word_1_28' title='bbox 603 1943 746 2029; x_wconf 84' lang='lat' dir='ltr'>Africae,</span> <span class='ocrx_word' id='word_1_29' title='bbox 773 1948 927 2018; x_wconf 83' lang='lat' dir='ltr'>civitatis</span> <span class='ocrx_word' id='word_1_30' title='bbox 953 1946 1263 2041; x_wconf 74' lang='lat' dir='ltr'>Carthaginiensis,</span> 
     </span>
     <span class='ocr_line' id='line_1_8' title="bbox 211 2059 1264 2157; baseline 0.001 -24"><span class='ocrx_word' id='word_1_31' title='bbox 211 2071 312 2157; x_wconf 88' lang='lat' dir='ltr'>patre</span> <span class='ocrx_word' id='word_1_32' title='bbox 337 2061 543 2132; x_wconf 78' lang='lat' dir='ltr'>centurione</span> <span class='ocrx_word' id='word_1_33' title='bbox 568 2059 840 2153; x_wconf 68' lang='lat' dir='ltr'>proconsularil.</span> <span class='ocrx_word' id='word_1_34' title='bbox 892 2061 965 2133; x_wconf 90' lang='lat' dir='ltr'>Hic</span> <span class='ocrx_word' id='word_1_35' title='bbox 990 2065 1080 2136; x_wconf 90' lang='lat' dir='ltr'>acris</span> <span class='ocrx_word' id='word_1_36' title='bbox 1101 2073 1139 2134; x_wconf 87' lang='lat' dir='ltr'>et</span> <span class='ocrx_word' id='word_1_37' title='bbox 1157 2065 1264 2134; x_wconf 89' lang='lat' dir='ltr'>vehe-</span> 
     </span>
     <span class='ocr_line' id='line_1_9' title="bbox 211 2175 1264 2271; baseline 0.002 -21"><span class='ocrx_word' id='word_1_38' title='bbox 211 2179 342 2250; x_wconf 87' lang='lat' dir='ltr'>mentis</span> <span class='ocrx_word' id='word_1_39' title='bbox 359 2177 502 2270; x_wconf 86' lang='lat' dir='ltr'>ingenii,</span> <span class='ocrx_word' id='word_1_40' title='bbox 521 2177 587 2247; x_wconf 91' lang='lat' dir='ltr'>sub</span> <span class='ocrx_word' id='word_1_41' title='bbox 605 2175 738 2248; x_wconf 86' lang='lat' dir='ltr'>Severo</span> <span class='ocrx_word' id='word_1_42' title='bbox 761 2179 920 2271; x_wconf 82' lang='lat' dir='ltr'>principe</span> <span class='ocrx_word' id='word_1_43' title='bbox 937 2187 975 2248; x_wconf 86' lang='lat' dir='ltr'>et</span> <span class='ocrx_word' id='word_1_44' title='bbox 992 2177 1178 2250; x_wconf 84' lang='lat' dir='ltr'>Antonino</span> <span class='ocrx_word' id='word_1_45' title='bbox 1196 2181 1264 2252; x_wconf 84' lang='lat' dir='ltr'>Ca·</span> 
     </span>
     <span class='ocr_line' id='line_1_10' title="bbox 212 2289 1261 2387; baseline 0.003 -23"><span class='ocrx_word' id='word_1_46' title='bbox 212 2291 341 2364; x_wconf 84' lang='lat' dir='ltr'>recalla</span> <span class='ocrx_word' id='word_1_47' title='bbox 357 2291 514 2361; x_wconf 86' lang='lat' dir='ltr'>maxime</span> <span class='ocrx_word' id='word_1_48' title='bbox 532 2289 662 2374; x_wconf 86' lang='lat' dir='ltr'>floruit,</span> <span class='ocrx_word' id='word_1_49' title='bbox 680 2292 865 2386; x_wconf 90' lang='lat' dir='ltr'>multaque</span> <span class='ocrx_word' id='word_1_50' title='bbox 888 2294 1026 2387; x_wconf 86' lang='lat' dir='ltr'>scripsit</span> <span class='ocrx_word' id='word_1_51' title='bbox 1044 2295 1261 2367; x_wconf 75' lang='lat' dir='ltr'>volumina⁶t</span> 
     </span>
     <span class='ocr_line' id='line_1_11' title="bbox 210 2406 1261 2502; baseline 0.002 -22"><span class='ocrx_word' id='word_1_52' title='bbox 210 2433 289 2502; x_wconf 87' lang='lat' dir='ltr'>quae</span> <span class='ocrx_word' id='word_1_53' title='bbox 306 2409 388 2501; x_wconf 91' lang='lat' dir='ltr'>quia</span> <span class='ocrx_word' id='word_1_54' title='bbox 410 2414 497 2477; x_wconf 92' lang='lat' dir='ltr'>nota</span> <span class='ocrx_word' id='word_1_55' title='bbox 521 2416 605 2478; x_wconf 88' lang='lat' dir='ltr'>sunt</span> <span class='ocrx_word' id='word_1_56' title='bbox 622 2406 792 2500; x_wconf 89' lang='lat' dir='ltr'>pluribus,</span> <span class='ocrx_word' id='word_1_57' title='bbox 810 2411 1123 2502; x_wconf 87' lang='lat' dir='ltr'>praetermittimus.</span> <span class='ocrx_word' id='word_1_58' title='bbox 1174 2412 1261 2486; x_wconf 91' lang='lat' dir='ltr'>Vidi</span> 
     </span>
     <span class='ocr_line' id='line_1_12' title="bbox 210 2521 1263 2620; baseline 0.002 -24"><span class='ocrx_word' id='word_1_59' title='bbox 210 2549 278 2620; x_wconf 80' lang='lat' dir='ltr'>ego</span> <span class='ocrx_word' id='word_1_60' title='bbox 304 2524 493 2616; x_wconf 89' lang='lat' dir='ltr'>quemdam</span> <span class='ocrx_word' id='word_1_61' title='bbox 512 2521 664 2593; x_wconf 89' lang='lat' dir='ltr'>Paulum</span> <span class='ocrx_word' id='word_1_62' title='bbox 691 2521 926 2608; x_wconf 73' lang='lat' dir='ltr'>Concordiael,</span> <span class='ocrx_word' id='word_1_63' title='bbox 953 2525 1048 2618; x_wconf 92' lang='lat' dir='ltr'>quod</span> <span class='ocrx_word' id='word_1_64' title='bbox 1074 2527 1263 2620; x_wconf 77' lang='lat' dir='ltr'>oppidum⁸</span> 
     </span>
     <span class='ocr_line' id='line_1_13' title="bbox 211 2641 1262 2736; baseline 0.004 -24"><span class='ocrx_word' id='word_1_65' title='bbox 211 2641 324 2712; x_wconf 87' lang='lat' dir='ltr'>Italiae</span> <span class='ocrx_word' id='word_1_66' title='bbox 340 2649 405 2722; x_wconf 85' lang='lat' dir='ltr'>eat,</span> <span class='ocrx_word' id='word_1_67' title='bbox 423 2662 554 2723; x_wconf 89' lang='lat' dir='ltr'>senem,</span> <span class='ocrx_word' id='word_1_68' title='bbox 570 2641 631 2731; x_wconf 92' lang='lat' dir='ltr'>qui</span> <span class='ocrx_word' id='word_1_69' title='bbox 650 2661 688 2711; x_wconf 88' lang='lat' dir='ltr'>se</span> <span class='ocrx_word' id='word_1_70' title='bbox 710 2641 806 2712; x_wconf 85' lang='lat' dir='ltr'>beati</span> <span class='ocrx_word' id='word_1_71' title='bbox 824 2641 1000 2734; x_wconf 86' lang='lat' dir='ltr'>Cypriani,</span> <span class='ocrx_word' id='word_1_72' title='bbox 1015 2644 1093 2734; x_wconf 88' lang='lat' dir='ltr'>jam</span> <span class='ocrx_word' id='word_1_73' title='bbox 1118 2646 1262 2736; x_wconf 82' lang='lat' dir='ltr'>grandis</span> 
     </span>
     <span class='ocr_line' id='line_1_14' title="bbox 211 2757 1260 2849; baseline 0.002 -20"><span class='ocrx_word' id='word_1_74' title='bbox 211 2759 334 2840; x_wconf 75' lang='lat' dir='ltr'>aetatis,</span> <span class='ocrx_word' id='word_1_75' title='bbox 344 2757 532 2838; x_wconf 88' lang='lat' dir='ltr'>notarium,</span> <span class='ocrx_word' id='word_1_76' title='bbox 543 2779 626 2826; x_wconf 90' lang='lat' dir='ltr'>cum</span> <span class='ocrx_word' id='word_1_77' title='bbox 640 2757 715 2849; x_wconf 89' lang='lat' dir='ltr'>ipse</span> <span class='ocrx_word' id='word_1_78' title='bbox 728 2759 920 2829; x_wconf 78' lang='lat' dir='ltr'><strong>admodum</strong></span> <span class='ocrx_word' id='word_1_79' title='bbox 933 2767 1028 2829; x_wconf 86' lang='lat' dir='ltr'>esset</span> <span class='ocrx_word' id='word_1_80' title='bbox 1044 2759 1260 2844; x_wconf 84' lang='lat' dir='ltr'>adolescens,</span> 
     </span>
     <span class='ocr_line' id='line_1_15' title="bbox 211 2872 1264 2967; baseline 0.001 -22"><span class='ocrx_word' id='word_1_81' title='bbox 211 2875 334 2946; x_wconf 87' lang='lat' dir='ltr'>Romae</span> <span class='ocrx_word' id='word_1_82' title='bbox 351 2872 479 2943; x_wconf 83' lang='lat' dir='ltr'>vidisse</span> <span class='ocrx_word' id='word_1_83' title='bbox 495 2872 650 2956; x_wconf 83' lang='lat' dir='ltr'>diceret3</span> <span class='ocrx_word' id='word_1_84' title='bbox 675 2874 876 2967; x_wconf 85' lang='lat' dir='ltr'>referreque</span> <span class='ocrx_word' id='word_1_85' title='bbox 893 2875 959 2945; x_wconf 90' lang='lat' dir='ltr'>sibi</span> <span class='ocrx_word' id='word_1_86' title='bbox 983 2872 1140 2958; x_wconf 90' lang='lat' dir='ltr'>solitum,</span> <span class='ocrx_word' id='word_1_87' title='bbox 1159 2899 1264 2946; x_wconf 91' lang='lat' dir='ltr'>num-</span> 
     </span>
     <span class='ocr_line' id='line_1_16' title="bbox 210 2983 1261 3085; baseline 0.002 -24"><span class='ocrx_word' id='word_1_88' title='bbox 210 3014 316 3085; x_wconf 91' lang='lat' dir='ltr'>quam</span> <span class='ocrx_word' id='word_1_89' title='bbox 335 2983 568 3083; x_wconf 76' lang='lat' dir='ltr'>Cyprianum‘</span> <span class='ocrx_word' id='word_1_90' title='bbox 582 2987 715 3080; x_wconf 89' lang='lat' dir='ltr'>absque</span> <span class='ocrx_word' id='word_1_91' title='bbox 731 2987 940 3060; x_wconf 83' lang='lat' dir='ltr'>Tertulliani</span> <span class='ocrx_word' id='word_1_92' title='bbox 966 2991 1122 3061; x_wconf 87' lang='lat' dir='ltr'>lectione</span> <span class='ocrx_word' id='word_1_93' title='bbox 1149 3017 1261 3063; x_wconf 91' lang='lat' dir='ltr'>unum</span> 
     </span>
     <span class='ocr_line' id='line_1_17' title="bbox 210 3103 1259 3203; baseline -0.001 -24"><span class='ocrx_word' id='word_1_94' title='bbox 210 3110 305 3180; x_wconf 87' lang='lat' dir='ltr'>diem</span> <span class='ocrx_word' id='word_1_95' title='bbox 322 3106 535 3200; x_wconf 87' lang='lat' dir='ltr'>praeterisse:</span> <span class='ocrx_word' id='word_1_96' title='bbox 553 3127 595 3175; x_wconf 91' lang='lat' dir='ltr'>ac</span> <span class='ocrx_word' id='word_1_97' title='bbox 608 3105 675 3175; x_wconf 89' lang='lat' dir='ltr'>sibi</span> <span class='ocrx_word' id='word_1_98' title='bbox 687 3104 811 3176; x_wconf 90' lang='lat' dir='ltr'>crebro</span> <span class='ocrx_word' id='word_1_99' title='bbox 825 3105 952 3187; x_wconf 88' lang='lat' dir='ltr'>dicere,</span> <span class='ocrx_word' id='word_1_100' title='bbox 965 3103 1027 3175; x_wconf 87' lang='lat' dir='ltr'>Da</span> <span class='ocrx_word' id='word_1_101' title='bbox 1041 3108 1259 3203; x_wconf 58' lang='lat' dir='ltr'>irrupi-stram,</span> 
     </span>
     <span class='ocr_line' id='line_1_18' title="bbox 209 3217 1262 3314; baseline -0.001 -22"><span class='ocrx_word' id='word_1_102' title='bbox 209 3222 468 3293; x_wconf 80' lang='lat' dir='ltr'>Tertullianum</span> <span class='ocrx_word' id='word_1_103' title='bbox 489 3217 656 3291; x_wconf 83' lang='lat' dir='ltr'>videlicet</span> <span class='ocrx_word' id='word_1_104' title='bbox 681 3219 891 3314; x_wconf 81' lang='lat' dir='ltr'>significans.</span> <span class='ocrx_word' id='word_1_105' title='bbox 945 3217 1017 3288; x_wconf 92' lang='lat' dir='ltr'>Hic</span> <span class='ocrx_word' id='word_1_106' title='bbox 1042 3243 1124 3290; x_wconf 93' lang='lat' dir='ltr'>cum</span> <span class='ocrx_word' id='word_1_107' title='bbox 1150 3245 1262 3314; x_wconf 90' lang='lat' dir='ltr'>usque</span> 
     </span>
     <span class='ocr_line' id='line_1_19' title="bbox 209 3331 1261 3429; baseline -0.004 -19"><span class='ocrx_word' id='word_1_108' title='bbox 209 3339 255 3410; x_wconf 89' lang='lat' dir='ltr'>ad</span> <span class='ocrx_word' id='word_1_109' title='bbox 272 3338 426 3409; x_wconf 88' lang='lat' dir='ltr'>mediam</span> <span class='ocrx_word' id='word_1_110' title='bbox 443 3343 585 3408; x_wconf 87' lang='lat' dir='ltr'>aetatem</span> <span class='ocrx_word' id='word_1_111' title='bbox 611 3336 796 3429; x_wconf 88' lang='lat' dir='ltr'>presbyter</span> <span class='ocrx_word' id='word_1_112' title='bbox 821 3331 980 3405; x_wconf 86' lang='lat' dir='ltr'>ecclesiae</span> <span class='ocrx_word' id='word_1_113' title='bbox 1003 3337 1261 3427; x_wconf 86' lang='lat' dir='ltr'>permansisset,</span> 
     </span>
     <span class='ocr_line' id='line_1_20' title="bbox 210 3450 1261 3547; baseline -0.002 -22"><span class='ocrx_word' id='word_1_114' title='bbox 210 3456 342 3525; x_wconf 83' lang='lat' dir='ltr'>invidia</span> <span class='ocrx_word' id='word_1_115' title='bbox 365 3461 514 3547; x_wconf 67' lang='lat' dir='ltr'>postea!</span> <span class='ocrx_word' id='word_1_116' title='bbox 539 3463 577 3523; x_wconf 87' lang='lat' dir='ltr'>et</span> <span class='ocrx_word' id='word_1_117' title='bbox 603 3451 829 3523; x_wconf 87' lang='lat' dir='ltr'>contumeliis</span> <span class='ocrx_word' id='word_1_118' title='bbox 859 3450 1067 3522; x_wconf 87' lang='lat' dir='ltr'>clericomm</span> <span class='ocrx_word' id='word_1_119' title='bbox 1091 3452 1261 3523; x_wconf 86' lang='lat' dir='ltr'>Romanae</span> 
     </span>
     <span class='ocr_line' id='line_1_21' title="bbox 210 3565 1260 3662; baseline -0.003 -21"><span class='ocrx_word' id='word_1_120' title='bbox 210 3570 377 3654; x_wconf 86' lang='lat' dir='ltr'>ecclesiae,</span> <span class='ocrx_word' id='word_1_121' title='bbox 412 3571 457 3640; x_wconf 95' lang='lat' dir='ltr'>ad</span> <span class='ocrx_word' id='word_1_122' title='bbox 494 3569 660 3640; x_wconf 86' lang='lat' dir='ltr'>Montani</span> <span class='ocrx_word' id='word_1_123' title='bbox 695 3571 825 3662; x_wconf 87' lang='lat' dir='ltr'>dogma</span> <span class='ocrx_word' id='word_1_124' title='bbox 859 3566 1032 3661; x_wconf 87' lang='lat' dir='ltr'>delapsus,</span> <span class='ocrx_word' id='word_1_125' title='bbox 1066 3567 1103 3637; x_wconf 92' lang='lat' dir='ltr'>in</span> <span class='ocrx_word' id='word_1_126' title='bbox 1137 3565 1260 3638; x_wconf 87' lang='lat' dir='ltr'>multis</span> 
     </span>
     <span class='ocr_line' id='line_1_22' title="bbox 209 3683 1259 3780; baseline 0.002 -27"><span class='ocrx_word' id='word_1_127' title='bbox 209 3685 307 3757; x_wconf 90' lang='lat' dir='ltr'>libris</span> <span class='ocrx_word' id='word_1_128' title='bbox 336 3711 436 3758; x_wconf 86' lang='lat' dir='ltr'>novae</span> <span class='ocrx_word' id='word_1_129' title='bbox 469 3687 662 3780; x_wconf 86' lang='lat' dir='ltr'>prophetiae</span> <span class='ocrx_word' id='word_1_130' title='bbox 692 3685 876 3755; x_wconf 87' lang='lat' dir='ltr'>meminit:</span> <span class='ocrx_word' id='word_1_131' title='bbox 911 3683 1110 3777; x_wconf 89' lang='lat' dir='ltr'>specialiter</span> <span class='ocrx_word' id='word_1_132' title='bbox 1139 3692 1259 3755; x_wconf 90' lang='lat' dir='ltr'>autem</span> 
     </span>
     <span class='ocr_line' id='line_1_23' title="bbox 209 3795 1259 3888; baseline -0.003 -16"><span class='ocrx_word' id='word_1_133' title='bbox 209 3803 395 3873; x_wconf 87' lang='lat' dir='ltr'>adversum</span> <span class='ocrx_word' id='word_1_134' title='bbox 410 3801 606 3888; x_wconf 24' lang='lat' dir='ltr'>,ecclesiam</span> <span class='ocrx_word' id='word_1_135' title='bbox 632 3802 750 3873; x_wconf 86' lang='lat' dir='ltr'>texuit</span> <span class='ocrx_word' id='word_1_136' title='bbox 767 3795 979 3882; x_wconf 74' lang='lat' dir='ltr'>voluminah,</span> <span class='ocrx_word' id='word_1_137' title='bbox 1001 3800 1046 3870; x_wconf 92' lang='lat' dir='ltr'>de</span> <span class='ocrx_word' id='word_1_138' title='bbox 1072 3799 1259 3884; x_wconf 82' lang='lat' dir='ltr'>Pudicitia,</span> 
     </span>
     <span class='ocr_line' id='line_1_24' title="bbox 209 3915 1259 4010; baseline -0.001 -22"><span class='ocrx_word' id='word_1_139' title='bbox 209 3918 254 3988; x_wconf 90' lang='lat' dir='ltr'>de</span> <span class='ocrx_word' id='word_1_140' title='bbox 289 3918 550 4002; x_wconf 87' lang='lat' dir='ltr'>Persecutione‚</span> <span class='ocrx_word' id='word_1_141' title='bbox 585 3920 630 3988; x_wconf 88' lang='lat' dir='ltr'>de</span> <span class='ocrx_word' id='word_1_142' title='bbox 660 3919 823 4010; x_wconf 89' lang='lat' dir='ltr'>Jejuniis,</span> <span class='ocrx_word' id='word_1_143' title='bbox 858 3919 902 3987; x_wconf 93' lang='lat' dir='ltr'>de</span> <span class='ocrx_word' id='word_1_144' title='bbox 939 3915 1179 4010; x_wconf 80' lang='lat' dir='ltr'>Monogamia,</span> <span class='ocrx_word' id='word_1_145' title='bbox 1214 3918 1259 3987; x_wconf 91' lang='lat' dir='ltr'>de</span> 
     </span>
     <span class='ocr_line' id='line_1_25' title="bbox 210 4031 1257 4126; baseline 0 -23"><span class='ocrx_word' id='word_1_146' title='bbox 210 4033 346 4106; x_wconf 87' lang='lat' dir='ltr'>Eostasi</span> <span class='ocrx_word' id='word_1_147' title='bbox 380 4035 488 4106; x_wconf 90' lang='lat' dir='ltr'>libros</span> <span class='ocrx_word' id='word_1_148' title='bbox 522 4057 596 4117; x_wconf 83' lang='lat' dir='ltr'>sex,</span> <span class='ocrx_word' id='word_1_149' title='bbox 626 4044 664 4105; x_wconf 91' lang='lat' dir='ltr'>et</span> <span class='ocrx_word' id='word_1_150' title='bbox 693 4035 895 4126; x_wconf 88' lang='lat' dir='ltr'>septimum,</span> <span class='ocrx_word' id='word_1_151' title='bbox 931 4055 1037 4125; x_wconf 89' lang='lat' dir='ltr'>quem</span> <span class='ocrx_word' id='word_1_152' title='bbox 1071 4031 1257 4103; x_wconf 81' lang='lat' dir='ltr'>adversum</span> 
     </span>
     <span class='ocr_line' id='line_1_26' title="bbox 209 4147 1258 4244; baseline 0 -25"><span class='ocrx_word' id='word_1_153' title='bbox 209 4147 456 4244; x_wconf 86' lang='lat' dir='ltr'>Apollonium¹</span> <span class='ocrx_word' id='word_1_154' title='bbox 472 4151 681 4243; x_wconf 89' lang='lat' dir='ltr'>composuit.</span> <span class='ocrx_word' id='word_1_155' title='bbox 725 4148 923 4241; x_wconf 85' lang='lat' dir='ltr'>Ferturque</span> <span class='ocrx_word' id='word_1_156' title='bbox 942 4149 1071 4217; x_wconf 87' lang='lat' dir='ltr'>vixisse</span> <span class='ocrx_word' id='word_1_157' title='bbox 1088 4149 1258 4240; x_wconf 89' lang='lat' dir='ltr'>usquead</span> 
     </span>
     <span class='ocr_line' id='line_1_27' title="bbox 209 4261 1257 4361; baseline -0.001 -24"><span class='ocrx_word' id='word_1_158' title='bbox 209 4268 423 4361; x_wconf 87' lang='lat' dir='ltr'>decrepitam</span> <span class='ocrx_word' id='word_1_159' title='bbox 460 4276 612 4350; x_wconf 83' lang='lat' dir='ltr'>aetatem,</span> <span class='ocrx_word' id='word_1_160' title='bbox 643 4276 680 4337; x_wconf 88' lang='lat' dir='ltr'>et</span> <span class='ocrx_word' id='word_1_161' title='bbox 714 4265 838 4348; x_wconf 92' lang='lat' dir='ltr'>multa,</span> <span class='ocrx_word' id='word_1_162' title='bbox 869 4288 949 4356; x_wconf 89' lang='lat' dir='ltr'>quae</span> <span class='ocrx_word' id='word_1_163' title='bbox 980 4287 1051 4335; x_wconf 88' lang='lat' dir='ltr'>non</span> <span class='ocrx_word' id='word_1_164' title='bbox 1082 4261 1257 4348; x_wconf 66' lang='lat' dir='ltr'>exstanti,</span> 
     </span>
    </p>
   </div>
   <div class='ocr_carea' id='block_1_6' title="bbox 208 4378 747 4556">
    <p class='ocr_par' dir='ltr' id='par_1_6' title="bbox 208 4378 747 4556">
     <span class='ocr_line' id='line_1_28' title="bbox 208 4378 618 4473; baseline 0 -21"><span class='ocrx_word' id='word_1_165' title='bbox 208 4382 380 4473; x_wconf 90' lang='lat' dir='ltr'>opuscula</span> <span class='ocrx_word' id='word_1_166' title='bbox 396 4378 618 4453; x_wconf 59' lang='lat' dir='ltr'>condidisset</span> 
     </span>
     <span class='ocr_line' id='line_1_29' title="bbox 728 4514 747 4556; baseline 0 0"><span class='ocrx_word' id='word_1_167' title='bbox 728 4514 747 4556; x_wconf 93' lang='lat'><strong>0</strong></span> 
     </span>
    </p>
   </div>
   <div class='ocr_carea' id='block_1_7' title="bbox 0 0 1662 5198">
    <p class='ocr_par' dir='ltr' id='par_1_7' title="bbox 0 0 1662 5198">
     <span class='ocr_line' id='line_1_30' title="bbox 0 0 1662 5198; baseline 0 1"><span class='ocrx_word' id='word_1_168' title='bbox 0 0 1662 5198; x_wconf 95' lang='lat' dir='ltr'> </span> 
     </span>
    </p>
   </div>
  </div>
 </body>
</html>
