3326 5200
296 487 349 553 IN
373 485 617 552 TERTULL.
641 488 706 553 DE
730 487 1025 555 PRAESCRIPT.
1049 491 1179 556 ΗΕΒ.
1208 495 1274 559 208

219 659 314 744 hujus
336 658 409 724 libii
430 658 546 724 editori
567 661 694 725 artua
715 681 754 725 ae
777 661 984 726 amandati.
1029 661 1151 729 eontra
1169 663 1193 728 J
1195 665 1270 732 unio

218 743 367 832 plaoebat
387 744 482 810 leutio
504 746 663 820 vastam·
691 747 748 812 sed
772 746 895 812 monuit
918 745 1085 826 Semlems,
1107 749 1267 835 pertinere

217 833 344 896 verimi
356 832 400 895 ad
413 831 630 917 mandam,
646 831 672 896 si
687 831 748 897 hoo
762 833 892 897 verbnm
905 841 1043 899 maneat.
1081 834 1192 921 Atque
1206 857 1266 924 ego

217 915 300 982 hano
324 916 541 982 Pamelianam
564 918 698 1003 prael'ero
723 918 891 984 leetionem
919 918 963 984 illi
993 919 1194 1007 Rigaltianae,
1220 925 1267 989 ad

209 1003 478 1088 pmneipalitatem
491 1003 636 1070 vanitatis
657 1013 686 1068 et
700 1005 907 1090 pomulam
920 1005 1143 1072 mendacitatis
1158 1007 1264 1094 dispu-

215 1089 358 1153 tandam.
403 1089 521 1154 Omnes
536 1091 628 1155 editt.
644 1098 720 1154 ante
739 1090 914 1176 Rigaltium
927 1091 1156 1178 deputandam
1182 1095 1263 1160 etin

214 1173 405 1260 Apoloyatieo
420 1175 606 1240 Tertulliani
621 1176 850 1262 habes-s-apad
861 1176 1001 1256 loannes,
1013 1179 1141 1262 adferte,
1153 1179 1262 1245 datus-

211 1261 328 1342 Μίαν,
343 1261 417 1325 dam
438 1263 630 1347 eapsuupitur,
651 1262 726 1325 deun
746 1283 783 1325 ea
799 1263 913 1346 futuro
930 1285 1076 1350 prusam,
1097 1265 1205 1329 deltam
1225 1289 1262 1332 ea

206 1347 357 1429 presenti
363 1348 558 1432 protomart
572 1348 755 1432 deputatur,
771 1369 841 1433 eap.
858 1367 909 1414 20.
947 1349 992 1414 nt
1006 1349 1134 1435 deputor
1145 1353 1262 1437 eupolis

212 1437 305 1496 extat
330 1432 362 1495 in
385 1433 438 1497 lib.
461 1434 529 1518 ejus
552 1433 649 1497 Ades.
679 1433 907 1499 vaesaniam
928 1457 997 1520 eap.
1012 1453 1065 1520 32.
1110 1437 1259 1502 Oeterum

206 1519 430 1603 principalitas
444 1525 502 1596 est,
518 1525 556 1584 ut
569 1519 617 1584 ait
631 1519 736 1584 editor
745 1520 976 1585 Institutionum
987 1521 1073 1586 eard.
1086 1521 1258 1604 Thomeaii,

213 1603 298 1686 quod
313 1626 334 1667 a
347 1605 510 1690 principio,
527 1605 568 1668 ab
583 1605 675 1669 initio
688 1605 759 1670 luit.

255 1688 293 1752 P.
311 1708 381 1774 147.
396 1689 420 1754 l.
436 1709 483 1755 10.
507 1691 540 1754 in
562 1691 699 1776 primore
724 1689 907 1777 eonstituit]
937 1691 1095 1756 Nimirum
1118 1702 1260 1760 semente

211 1772 260 1837 vel
275 1783 359 1839 satu.
382 1775 406 1839 J
408 1797 510 1841 unius.

255 1860 529 1948 Ibid.l.13.quia
550 1869 584 1927 et
602 1862 678 1927 alibi
699 1863 831 1926 verbum
854 1862 916 1928 Dei
942 1863 1083 1942 seminis]
1112 1863 1189 1929 For.
1215 1863 1258 1930 le·

208 1947 356 2032 gendum,
372 1949 448 2034 qaia
462 1955 499 2013 ut
514 1945 590 2012 alibi
605 1947 691 2013 verbi
704 1947 765 2012 Dei
779 1969 896 2027 semen,
909 1947 1022 2033 junoto
1040 1949 1100 2013 hoo
1116 1952 1258 2016 membro

210 2032 365 2098 orationis
380 2055 451 2097 oum
465 2041 628 2119 sequente.

252 2117 291 2180 P.
307 2120 377 2197 148.
393 2119 414 2182 l.
433 2137 462 2185 2.
476 2120 631 2199 habeant]
650 2119 795 2184 Latinius
809 2119 891 2204 oonj.
906 2117 1021 2198 talant,
1038 2128 1126 2186 reete
1137 2121 1258 2206 judioio

208 2221 288 2268 meo.
310 2204 335 2267 J
337 2227 438 2270 umus.
483 2205 536 2270 Sia
549 2205 686 2270 mutavit
701 2211 735 2270 et
750 2205 943 2270 Pearsonius
956 2206 1060 2270 looum
1075 2207 1209 2273 afferens
1224 2209 1257 2272 in

216 2287 369 2355 Vindicio
383 2292 569 2376 Ιφιαέίαοιίε,
584 2291 686 2376 partis
702 2290 746 2355 ll.
762 2313 832 2377 oap.
849 2309 879 2357 2.

251 2373 333 2440 Ibid.
349 2376 370 2442 l.
383 2395 432 2442 10.
449 2377 502 2462 qui
524 2378 566 2442 ab
588 2375 741 2462 apostolis
763 2377 970 2456 desoivenmt,
987 2384 1021 2443 et
1037 2378 1120 2444 alter
1162 2378 1256 2444 raedi-

207 2467 372 2540 oaverunt]
391 2461 444 2528 Ita
459 2463 551 2529 editt.
567 2471 643 2528 ante
654 2462 837 2550 Rigaltinm,
849 2463 902 2548 qui
916 2463 949 2527 in
963 2470 1100 2550 utraque
1115 2401 1255 2530 editione

206 2567 264 2611 sua
285 2549 401 2632 posuit,
417 2550 472 2634 qai
492 2547 531 2612 el
553 2549 694 2634 maelis
712 2549 897 2624 didimmat
920 2549 1013 2614 aliter
1025 2551 1129 2635 proed.
1174 2551 1255 2617 (lum

207 2630 298 2718 Lupo
320 2635 610 2786 amalo
632 2642 770 2700 veterem
792 2634 958 2700 leotionem
981 2636 1135 2701 revocavi.
1181 2637 1253 2703 MS.

205 2716 332 2804 Anglie.
587 2729 671 2786 teste
700 2719 844 2786 Pamelio
873 2721 1024 2786 habebnt.
1075 2721 1255 2808 Scripserat

204 2806 684 2956 aemmopppra-ele'quem
700 2827 737 2871 ea
757 2807 906 2958 omlis,
921 2807 969 2872 vel
980 2808 1152 2893 apostoliois
1165 2810 1252 2886 sieta,

249 2975 329 3042 Ibid.
355 2977 377 3040 l.
400 2997 450 3044 12.
475 2979 743 3064 provoeabuntur]
770 2978 824 3042 lta
846 2977 898 3041 hio
924 2999 1049 3063 qnoque
1072 2977 1135 3044 lide
1158 2979 1252 3044 nixus

203 3059 378 3127 editionum
387 3065 545 3128 vetustiss.
556 3085 628 3128 oum
638 3065 730 3149 Lupo
741 3070 774 3128 et
786 3063 956 3127 Thomasie
967 3063 1134 3128 leetionem
1145 3065 1252 3149 pristi-

203 3167 278 3211 nam
289 3150 425 3214 restitui.
449 3149 560 3214 Habet
571 3149 739 3236 Rigaltius,
752 3149 784 3212 in
799 3156 936 3234 utraque
946 3149 1086 3214 editione
1100 3171 1166 3228 sna,
1176 3171 1251 3234 pro-

202 3229 361 3299 babantur.
393 3235 457 3300 Sed
472 3236 615 3321 proxime
629 3241 703 3320 post
718 3233 829 3298 scribit
845 3233 1067 3312 Tertullianus,
1084 3236 1139 3299 Ito
1153 3255 1252 3300 omaoe

200 3317 325 3384 dereses
344 3321 390 3384 nd
409 3331 567 3422 utromque
583 3323 722 3406 sermm
743 3342 765 3383 a
781 3321 891 3384 metris
909 3319 1038 3384 aeteae
1059 3329 1248 3406 provoeatae,

201 3404 233 3468 l1.
259 3427 288 3470 e.
313 3407 357 3470 ad
385 3427 614 3472 suooessmnem
642 3405 858 3492 apostolioam,
884 3413 918 3471 et
940 3407 1249 3492 consanguinitatem

201 3491 365 3557 doetrinae.
403 3493 520 3558 Oonler
533 3501 567 3559 et
582 3493 652 3558 init.
668 3493 782 3577 eapitis
796 3511 849 3577 35.

244 3576 283 3642 P.
299 3597 369 3661 149.
384 3578 405 3642 l.
421 3582 452 3644 6.
467 3579 587 3645 laetam
606 3579 676 3664 jam
700 3577 980 3642 resurreetionem:
1005 3577 1038 3641 id
1062 3577 1102 3642 de
1124 3599 1159 3642 ee
1183 3577 1249 3643 Va-

200 3661 364 3727 lentiniani
385 3664 589 3749 adseverant]
614 3665 664 3730 De
690 3663 850 3729 Gnostiois
874 3663 942 3728 haee
963 3663 1062 3728 refert
1084 3661 1246 3739 Irenaeus3

204 3749 336 3812 Tantam
358 3747 465 3814 mauu
485 3751 524 3815 ol
545 3773 586 3828 eo,
607 3761 642 3815 ut
665 3759 817 3814 nonaum
839 3751 975 3828 mitent,
999 3749 1249 3836 quemadmodem

199 3835 350 3899 Dominae
368 3837 520 3913 enatavit,
535 3847 564 3902 et
583 3835 829 3922 apaan—ut
849 3857 887 3900 aa
907 3835 1029 3921 quidem
1050 3835 1176 3900 aradam
1196 3835 1249 3900 loe

198 3921 233 3984 in
256 3929 348 3984 aean
367 3943 454 4007 pomo
469 3924 566 4005 fieri:
589 3943 649 3987 eaeo
672 3931 774 3986 natm
795 3923 1040 3987 resurrectionem
1064 3944 1086 3985 o
1110 3922 1246 3999 mortam

197 4007 381 4154 malopem
401 4007 474 4091 ejas,
489 4029 558 4094 qaoe
576 4006 616 4071 al
636 4009 680 4072 eis
698 4008 824 4081 dieitur,
841 4008 988 4072 veritatis.
1033 4007 1155 4072 (lontra
1170 4005 1247 4071 Hae·
1290 4042 1292 4047 ·

198 4113 293 4166 reses,
331 4092 357 4156 l.
373 4115 398 4157 o.
442 4113 468 4157 ι.
508 4114 562 4158 .2.

242 4177 323 4242 Ibid.
340 4179 361 4243 l.
377 4200 406 4262 9.
415 4095 503 4243 3novi
522 4187 556 4244 et
577 4201 640 4244 non
661 4179 754 4243 unius
779 4178 927 4256 nominis]
955 4177 1099 4242 AEonum
1125 4177 1246 4262 primus

198 4262 315 4340 Proon,
332 4285 387 4328 seu
407 4265 622 4350 praeexistens,
645 4272 679 4330 et
694 4265 827 4349 Bythos,
842 4263 907 4328 sive
928 4263 1139 4349 profunditas,
1163 4263 1245 4329 diee-

197 4348 293 4414 batur
314 4349 386 4414 ineo
431 4351 494 4415 'tus
522 4350 693 4452 perplura
718 4351 812 4414 soeela
831 4349 937 4414 fuisse.
1004 4351 1190 4414 Auuousmo
1212 4351 1244 4415 in

197 4435 344 4501 Romana
358 4371 439 4501 odii
460 4437 610 4522 Opuseuh
625 4437 732 4585 Αιίυεὲ
741 4439 847 4501 mmm
860 4435 1036 4514 Horatiae,
1052 4459 1122 4522 eap.
1136 4454 1168 4522 5.

677 4546 696 4585 u
750 4541 767 4587 a
