3326 5200
322 490 372 554 IN
397 488 586 554 FIRMlL.
610 489 678 554 ΑΙ)
701 489 735 555 S.
759 489 986 555 CYPRIAN.
1009 490 1159 556 EPIST.
1200 493 1265 558 253

213 681 269 726 sex
294 659 455 725 eodioibus
480 660 714 747 manuscriptis.
745 661 859 726 Srsrs.
881 661 1049 726 Ennomus.
1093 662 1264 747 Scripsisse

213 768 284 810 eam
300 745 522 811 Firmilianum
536 768 621 812 anno
635 751 653 810 α’
654 748 697 831 56
712 747 723 810 i
804 754 950 812 vesoente
961 755 1105 834 tempore
1119 746 1262 828 hiberno,

213 769 829 898 ostenditPearsoniusinAaaoldJm‘
871 834 1262 918 iasadanmffldseetx.

214 917 303 982 Obiit
317 939 402 983 anno
418 935 491 1000 272.
526 917 631 983 Litem
644 925 753 983 autem
788 919 962 1004 tephanum
973 921 1058 984 inter
1071 927 1104 984 et
1115 919 1263 985 ecelesias

213 1002 383 1104 orientales
397 1009 542 1068 exortam
557 1004 598 1069 de
612 1005 770 1069 baeretiois
784 1005 1018 1090 rebaptizandis
1029 1006 1216 1071 memoravit
1230 1005 1264 1070 in

214 1089 1264 1262 {luistilllffildlllsillllllldlllllll

213 1259 342 1324 Ἑλένου
356 1263 405 1324 καὶ
418 1262 486 1342 περὶ
499 1267 696 1342 Φιρμιλιανοῦ
712 1263 760 1327 καὶ
778 1262 899 1327 πάντων
913 1269 971 1326 τῶν
991 1288 1025 1327 τε
1039 1263 1098 1326 ἀπὸ
1114 1267 1164 1342 τῆς
1179 1269 1264 1328 Κιλι-

215 1347 280 1412 κίας
294 1347 343 1410 καὶ
358 1349 570 1414 Καππαδοκίας
589 1349 638 1412 καὶ
657 1349 815 1422 Γαλατίας,
832 1349 881 1412 καὶ
896 1348 1015 1414 πάντων
1033 1355 1092 1412 τῶν
1110 1351 1177 1428 ἑξῆς
1190 1352 1262 1429 ὀμο-

213 1433 345 1514 ρούνταν
369 1433 473 1496 ἐθνῶν·
498 1434 538 1500 ὦς
561 1433 629 1498 οὐδὲ
651 1435 775 1501 ἐκείνοις
798 1434 999 1514 κοινωνήσων,
1022 1437 1070 1499 aa
1092 1435 1147 1513 τὴν
1172 1435 1264 1514 αὐτὴν

214 1519 324 1598 ταύτην
349 1519 456 1596 αἰτίαν,
481 1519 582 1598 ἐπειδὴ
603 1519 671 1586 τοὺς
692 1521 864 1600 αἱρετίκους,
889 1521 993 1601 φησὶν,
1018 1522 1262 1600 ἆναβαπτίζανσι.

213 1603 300 1688 apud
316 1603 490 1668 Eusebium
503 1596 587 1668 Isset.
599 1605 682 1669 Eool.
692 1605 743 1668 vii.
754 1620 787 1688 5.
818 1606 919 1670 Porro
934 1628 1015 1670 unus
1030 1607 1070 1670 de
1086 1605 1263 1670 Firmiliani

214 1689 446 1754 suooessoribus
459 1690 492 1753 in
507 1690 694 1756 (laesariensi
708 1692 783 1755 sede
798 1691 832 1755 S.
842 1691 978 1756 Basilius
994 1692 1041 1755 M.
1057 1691 1152 1776 hujus
1164 1699 1263 1776 atque

214 1775 363 1861 Cypriani
389 1776 428 1840 de
453 1775 530 1840 reba
553 1776 688 1841 tinandis
716 1777 874 1842 haereticis
904 1777 1096 1842 sententiam
1127 1799 1262 1842 eommo-

213 1861 350 1962 moravit
364 1860 397 1924 in
411 1861 522 1962 llpislo
538 1948 545 1962 .
569 1884 627 1927 sua
641 1863 794 1962 Coponios
808 1863 853 1927 ad
861 1863 1106 1962 Amphilochius
1120 1863 1153 1926 in
1165 1863 1262 1928 Βανα-

214 1947 1262 2120 stituit.tlll·q.l”li.l”⁰l.ll.‘'md‘lllll:

214 2119 327 2183 datum
340 2119 535 2206 baptismum
546 2119 589 2184 im
613 2122 738 2197 rebant,
758 2143 816 2184 suo
830 2143 867 2184 su
908 2142 994 2184 resse
1009 2127 1153 2205 tempore
1167 2121 1262 2222 signi-

214 2203 291 2268 fieat
306 2205 339 2270 S.
349 2206 568 2291 Augustinus!
628 2207 671 2271 id.
690 2206 762 2270 Lib.
774 2206 842 2292 ejus
896 2206 923 2269 Ι.
944 2208 1055 2270 Oonlra
1074 2207 1262 2270 Oreseomam

214 2311 316 2375 espa.
329 2297 362 2356 et
372 2291 504 2356 Librum
512 2293 581 2376 ejus
593 2293 704 2356 Ooalro
710 2293 901 2358 Potitiorum
909 2312 1033 2377 oap.14.
1046 2292 1145 2356 Plura
1153 2300 1262 2357 autem

215 2383 327 2442 eontra
343 2377 543 2442 adversarios
557 2378 709 2463 epistolas,
725 2401 796 2462 quae
811 2378 845 2442 in
864 2379 1036 2444 editionem
1050 2378 1262 2445 (lonoiliorum

216 2461 435 2528 Florentinum
449 2485 532 2529 nuno
547 2464 675 2528 demum
689 2472 818 2550 reoepta
832 2472 891 2544 est,
908 2465 991 2528 inira
1005 2465 1240 2529 annotabimus.

259 2548 381 2634 P.231.
397 2549 480 2614 l.12.
504 2549 537 2613 in
551 2571 616 2615 una
634 2557 732 2636 atque
750 2551 783 2614 in
802 2551 914 2616 eadem
932 2551 1042 2637 domo]
1067 2549 1174 2636 Vulgo
1192 2551 1262 2635 apsa

215 2655 274 2720 pro
288 2656 360 2712 αοα,
377 2636 462 2721 quod
481 2635 604 2700 mutavi
618 2635 681 2701 fide
700 2637 793 2700 nixus
807 2636 925 2702 oodiois
940 2636 1077 2702 Simonis
1092 2636 1260 2711 Goulartii,

215 2719 268 2804 qui
279 2720 474 2805 Cyprianum
488 2722 589 2786 edidit
603 2743 687 2786 anno
701 2742 792 2808 1593,
802 2723 950 2809 idemque
960 2723 1138 2787 faoiendum
1150 2723 1261 2788 suasit.
1279 2771 1281 2778 .

215 2806 479 2884 (imminerunt,
496 2810 530 2872 ἕν
545 2807 591 2872 lul
606 2809 653 2873 sal
669 2810 702 2872 ἐν
716 2813 756 2894 τῷ
772 2809 850 2894 αὐτῷ
864 2812 945 2895 οἴκῳ.

259 2890 342 2956 lbid.
359 2892 378 2956 l.
393 2911 442 2960 20.
632 2893 804 2958 voluntatis
824 2894 1001 2973 caritatem,
1017 2894 1050 2958 in
1070 2916 1168 2958 unum
1182 2916 1259 2959 oon-

215 2976 336 3062 venire]
361 2977 442 3044 Haeo
463 2915 696 3044 mendo
718 3001 782 3044 non
803 3002 910 3044 oarere
932 2981 1088 3045 videntur.
1133 2979 1217 3061 Quid
1234 2979 1261 3044 si

214 3083 275 3147 pro
293 3062 364 3141 isto,
387 3063 548 3130 oolaatatis
568 3066 736 3142 ααήιαιοςα,
754 3087 944 3150 reponamus
965 3065 1127 3130 meato
1148 3065 1262 3130 aeas

213 3151 329 3212 mem?
352 3149 455 3215 Extat
471 3150 557 3236 apud
574 3151 755 3237 apostolum
773 3151 806 3214 in
821 3151 925 3252 Epist.
940 3151 1008 3236 ejus
1022 3150 1197 3236 posteriore
1218 3150 1262 3215 ad

217 3233 385 3300 Corirstlios
405 3237 423 3316 ἡ
445 3239 592 3318 προθυμία
611 3242 663 3300 τοῦ
687 3235 797 3315 θέλειν,
818 3237 949 3313 vi1.11;
982 3243 1016 3301 et
1038 3235 1072 3300 in
1096 3235 1261 3301 Gaisonis

223 3319 297 3384 Vols.
313 3321 412 3388 habes
426 3320 468 3386 ‘H
483 3326 639 3405 προθυμία,
654 3322 809 3386 metas.

259 3407 297 3469 P.
314 3425 386 3492 232.
410 3407 430 3472 l.
447 3410 476 3473 6.
507 3408 597 3492 quasi
623 3429 687 3473 non
709 3415 837 3474 tantum
859 3408 1051 3492 aeumlao]
1088 3405 1262 3472 Afferenda

214 3500 298 3569 sunt,
315 3515 386 3593 qum
401 3494 441 3558 de
455 3494 515 3558 hoo
529 3492 599 3558 loeo
616 3493 744 3580 scripsit
760 3495 808 3558 vir
822 3494 965 3559 eruditus
980 3493 1174 3558 Prudentius
1189 3494 1261 3558 Ma·

213 3599 310 3642 ranus
324 3599 358 3642 m
372 3578 453 3645 Vita
468 3580 501 3645 S.
512 3580 661 3665 Cypriani
675 3579 806 3646 editioni
825 3579 1013 3656 Brinniana,
1029 3601 1085 3644 seu
1104 3578 1257 3643 Benedio-

213 3663 300 3742 tina,
326 3665 500 3764 praemissa.
539 3675 558 3702 ‘¹
575 3665 657 3731 Haeo
681 3666 858 3730 Firmiliani
884 3666 1019 3751 epistola
1047 3687 1117 3749 quae
1146 3664 1261 3728 Latine

215 3757 235 3786 “
250 3750 377 3814 reddita
391 3758 483 3816 extat
502 3751 586 3816 inter
601 3752 805 3836 Cyprianioas
822 3751 1056 3837 septuagesima
1075 3751 1196 3834 quinta,
1217 3751 1262 3815 sio

215 3840 235 3870 “
247 3834 397 3920 (lypriani
407 3837 515 3902 stilum
523 3837 655 3915 redolet,
668 3845 705 3902 ut
717 3860 780 3902 non
791 3838 887 3901 alium
898 3837 1106 3923 interpretem
1114 3836 1262 3900 habuisse

215 3927 235 3956 “
250 3921 405 3996 rideatur.
450 3921 550 3987 Fidus
564 3922 721 4008 interpres
736 3925 857 3988 Graece
876 3923 991 4022 linguas
1011 3922 1044 3986 in
1084 3921 1171 3986 nium
1186 3943 1262 3986 non-

216 4013 236 4044 “
251 4007 344 4072 nullis
358 4007 391 4070 in
405 4007 482 4073 loeis
500 4008 641 4074 retinuit.
677 4009 779 4073 Paulo
794 4015 868 4095 post
886 4008 1022 4085 initium,
1114 4007 1264 4072 νίςῑααιαν

216 4097 236 4127 “
253 4093 369 4178 (angeli
479 4093 539 4159 ado
570 4095 673 4159 οἱιίοπι
704 4095 842 4158 divesne
872 4093 1064 4179 quorundam
1095 4102 1205 4157 males
1236 4101 1264 4156 el

215 4178 356 4243 Μαίονος
538 4229 546 4258 ,
582 4181 652 4245 aori
670 4189 861 4244 amiantum
874 4177 1150 4244 masalmam
1163 4179 1265 4242 Deam

215 4271 235 4299 “
248 4263 343 4328 amul
359 4265 503 4346 ἰαοοοονν,
593 4265 744 4352 separatas
758 4275 786 4330 et
804 4265 913 4330 divide
930 4262 969 4330 al
989 4265 1117 4330 ςὀοἰοαο
1130 4285 1184 4328 aee
1197 4286 1264 4330 οοο-

216 4357 236 4386 “
242 4348 401 4434 fabulatio
406 4351 478 4434 me
485 4352 582 4438 possit
595 4374 663 4430 osse,
678 4361 734 4416 out
746 4373 840 4416 sermo
854 4350 1037 4424 oommmris3
1054 4348 1157 4429 idest,
1173 4350 1264 4435 quasi

217 4445 236 4472 ‘⁴
251 4458 315 4501 non
330 4443 458 4503 tantum
472 4459 570 4504 unum
584 4445 618 4503 et
632 4437 767 4504 eundem
782 4437 886 4504 Deum
900 4435 993 4502 simul
1012 4457 1076 4501 non
1095 4436 1261 4510 invooont;
