3334 5194
420 463 485 528 lae
756 459 1135 525 ANNOTATIONES

421 633 504 698 Haeo
525 631 728 718 reperiuntur
748 632 781 696 in
796 632 955 697 vetustiss.
971 629 1152 715 exemplari,
1168 649 1270 714 neque
1292 629 1488 716 spernenda

421 726 505 785 sunt.
544 718 626 783 Post
640 717 694 782 ille
708 739 800 783 vero:
825 720 892 782 Per
901 717 1038 782 eeclesiae
1051 737 1136 802 quoe,
1152 715 1297 800 sequitur
1310 717 1343 778 in
1358 715 1485 779 eodem

421 803 604 889 exemplari,
620 804 739 888 absque
753 804 819 868 ulla
833 804 1045 880 distinetione,
1061 803 1221 888 Deposito
1242 801 1422 878 emittas,
1442 809 1486 863 set

421 901 450 1039 ft
460 912 615 1041 maus}
634 911 741 975 operae
754 890 864 976 pheres
884 899 912 954 et
924 909 1137 954 neeeeaereeree
1153 891 1209 952 tro.
1226 909 1297 973 quae
1311 887 1485 951 habentur

435 1027 442 1041 .
479 1027 486 1041 .
523 998 542 1040 e
615 982 652 1040 tu

669 976 759 1040 Fam.
780 998 812 1061 p.
829 991 878 1060 79.
902 976 1031 1040 Rrosnr.
1077 975 1138 1056 Qui
1160 974 1228 1038 heeo
1250 995 1354 1058 panea
1373 973 1483 1037 verba

422 1084 521 1146 usque
535 1063 578 1126 ad
592 1061 701 1126 literas
716 1083 799 1148 ques,
816 1062 960 1127 voeabuli
981 1061 1070 1147 quasi
1095 1067 1221 1145 partem
1242 1059 1263 1122 l.
1282 1059 1483 1144 septimus

421 1148 531 1212 edidit.
577 1147 727 1232 Superius
741 1169 842 1228 voees,
859 1170 916 1234 quo
930 1147 1062 1224 Paetus,
1078 1146 1239 1210 omiserat.

465 1234 503 1297 P.
522 1234 630 1318 113·Ῑ·
649 1251 697 1296 eo.
723 1233 868 1299 lenonem
890 1233 1131 1319 operositatem]
1150 1231 1288 1317 Oonjioit
1303 1231 1481 1295 Sohutnus

421 1321 594 1386 leeooinem
609 1319 795 1402 (lenonium)
811 1341 880 1384 esse
894 1319 1071 1406 legendum.

466 1405 548 1469 Ibid.
564 1405 585 1468 l.
604 1424 654 1489 23.
677 1405 782 1490 quasi]
807 1407 888 1471 Cum
909 1406 970 1469 heo
995 1425 1071 1469 veoe
1096 1403 1208 1488 inoipit
1232 1423 1347 1466 novum
1372 1408 1480 1502 atque

420 1491 544 1640 insigne
557 1490 761 1642 hujuseiilieffi
769 1497 991 1641 Xixingssueutum,
1008 1489 1239 1640 Teitiulliutgurn
1254 1488 1329 1638 {tile
1343 1509 1479 1637 omtmuo

421 1599 456 1640 re
469 1597 570 1654 erens,
585 1599 626 1640 ex
719 1598 754 1642 ee
857 1597 984 1642 rosiano
1005 1599 1027 1641 a
1091 1597 1150 1639 ure
1186 1597 1235 1639 no
1278 1595 1388 1659 esump
1405 1594 1477 1636 um.

422 1663 532 1729 (lodex
557 1669 665 1728 autem
694 1663 771 1749 ipse,
798 1664 847 1728 uti
874 1663 1016 1728 ostendit
1044 1661 1129 1725 idem
1150 1661 1198 1725 vir
1224 1661 1377 1734 eruditus,
1398 1679 1477 1723 oum

422 1748 514 1814 initio
535 1771 573 1813 oa
595 1749 649 1813 itis
671 1749 745 1814 noni
768 1770 859 1813 orsus
884 1756 963 1814 erat.
1009 1747 1121 1812 Verba
1142 1747 1273 1824 interea,
1297 1746 1378 1832 quod
1393 1767 1475 1831 pro·

421 1836 533 1900 meoet
594 1845 734 1899 seruetur
755 1857 818 1920 per
845 1836 991 1912 ecelesiae,
1022 1855 1093 1919 quae
1124 1833 1219 1898 leotio
1247 1839 1298 1897 est
1327 1831 1474 1918 Rigeltii,

422 1920 549 2006 praetuli
573 1921 812 1996 Muretorianae‚
828 1922 906 2006 quid
919 1921 1092 2007 psomthom
1113 1917 1281 2020 &eruetur
1291 1940 1327 2004 p.
1344 1940 1394 2018 ⁰¹.
1416 1917 1476 1980 Ad

422 2028 549 2194 ΞῖΞΞΞ
558 2029 675 2194 ΞΞΞ
685 2007 1474 2179 ΞΞΞΞΞΞΞΞΞΞΞΞΞΞΞΞΞ,ἱ’”,ΞῖῖῖΞ;ΞΞ.ι..ΞΞο

422 2180 652 2346 Μῖῖῖῖῄῖαξο.
669 2265 740 2328 Aut
754 2265 866 2364 quum]
885 2265 960 2328 For.
976 2265 1026 2329 At
1031 2285 1143 2414 geere
1400 2321 1405 2331 .

467 2348 504 2413 P.
520 2370 532 2413 1
546 2369 590 2428 ¹4·
603 2350 623 2413 l.
637 2371 665 2413 1.
682 2350 743 2431 Qui
758 2357 806 2414 rte
820 2348 1013 2436 oonoedunt]
1060 2371 1106 2414 or.
1124 2349 1185 2428 Qui
1199 2349 1247 2412 ite
1261 2347 1467 2424 contendunt,

423 2435 509 2519 quod
534 2434 661 2518 quidem
681 2436 813 2500 verbum
839 2459 913 2500 mox
939 2437 1047 2513 hebes,
1073 2436 1123 2500 vel
1144 2433 1258 2498 saltem
1282 2433 1469 2510 concludent,

422 2520 638 2604 reponendum
653 2527 712 2585 est.

467 2605 548 2669 lbid.
580 2605 601 2670 l.
628 2627 659 2687 4
689 2606 864 2692 inveniunt]
898 2608 973 2672 For.
1003 2607 1181 2694 legendum,
1211 2607 1380 2683 invenient,
1411 2604 1469 2668 nisi

422 2691 526 2756 altere
539 2691 634 2756 leotio
648 2692 779 2757 serenda
793 2693 845 2758 sit.

468 2777 548 2841 lbid.
564 2778 583 2840 l.
601 2779 632 2840 6.
648 2778 803 2843 melem
819 2787 853 2845 et
862 2781 1017 2864 seminem
1031 2801 1069 2844 eo
1113 2779 1281 2866 ominavit]
1299 2778 1373 2842 Hoo
1386 2776 1424 2842 fit
1437 2775 1468 2838 in

422 2863 740 2947 interpretationibus
756 2865 929 2952 Scripturas
944 2887 1043 2930 saone
1060 2799 1194 2929 fflinis
1240 2865 1318 2946 Quae
1332 2885 1407 2928 vero
1422 2863 1469 2927 his

423 2949 666 3035 subjunguntur,
688 2952 852 3033 seminare,
882 2975 945 3038 que
971 2973 1058 3016 saeue
1082 2947 1275 3035 retentator,
1305 2951 1466 3024 multem,

496 3035 613 3119 eredes
626 3057 713 3101 seete
725 3039 907 3122 specialiter,
923 3061 962 3102 ee
983 3045 1137 3122 tanquam
1158 3035 1327 3123 glossatori
1345 3037 1467 3100 ouidam

422 3056 542 3198 iiiia,
558 3121 647 3186 unois
669 3122 779 3188 inclusi
792 3149 801 3197 ;
827 3125 944 3210 quippe
959 3145 1030 3188 oum
1046 3122 1140 3208 plane
1155 3122 1317 3187 eontraria
1331 3123 1396 3187 sint
1410 3121 1467 3207 ipsi

423 3206 619 3272 Tertulliano
649 3210 813 3288 statuenti,
843 3211 1000 3275 mulierem
1029 3230 1124 3273 sexus
1152 3229 1221 3272 esse
1250 3229 1374 3286 nomen,
1406 3228 1466 3271 non

503 3315 558 3356 um
572 3315 674 3358 sexus.

422 3293 549 3441 gregi&
565 3377 585 3442 l.
604 3381 632 3443 8.
650 3379 765 3464 Itaque
783 3381 852 3465 jam
865 3388 943 3446 tuno
964 3380 1099 3465 innupte
1121 3381 1225 3445 adhue
1241 3381 1311 3445 Eve
1331 3379 1466 3443 mulieris

422 3463 575 3528 voeabulo
593 3465 670 3550 fuit]
695 3465 847 3531 Fortasse
869 3467 1078 3543 scribendum,
1096 3465 1150 3530 Ita
1164 3468 1239 3550 quie
1252 3467 1324 3550 jem
1338 3476 1410 3530 tene
1422 3466 1465 3529 in-

420 3559 518 3698 mite
532 3549 632 3614 uellite
646 3551 717 3616 Eoo
731 3553 790 3616 sub
804 3553 942 3617 molieris
963 3551 1103 3616 eeeelelo
1115 3553 1197 3636 fuit.
1243 3551 1355 3616 Hebes
1376 3551 1463 3628 inire,

497 3636 561 3698 oiri
584 3637 712 3714 nomine,
732 3644 775 3715 et,
797 3637 851 3702 ael
869 3639 988 3703 nomine
1012 3638 1160 3703 molere.
1204 3637 1365 3704 Oaetarum
1386 3637 1464 3702 idem

421 3720 591 3785 eddueitur
605 3744 625 3785 e
641 3722 836 3788 Tertulliano
850 3732 1073 3810 argumentum
1088 3724 1121 3788 in
1138 3723 1219 3789 libro
1234 3723 1271 3788 de
1293 3721 1465 3808 Virqiniles

429 3805 583 3884 medie,
599 3830 669 3893 oep.
685 3829 716 3891 5.

466 3891 547 3957 Ibid.
565 3893 584 3955 l.
603 3913 649 3978 13.
672 3894 884 3973 divinitatum,
908 3904 942 3960 et
967 3895 1033 3980 illa]
1062 3895 1139 3960 For.
1163 3895 1384 3982 eorrigendum
1409 3903 1461 3975 est,

421 3977 536 4056 divina,
552 3987 622 4044 turn
637 3989 665 4044 et
678 3979 746 4044 tlte.
1132 4019 1134 4026 ·

466 4064 546 4129 Ibid.
562 4064 582 4127 l.
602 4067 652 4130 16.
668 4087 732 4130 non
747 4067 877 4150 sonant]
895 4066 984 4132 Gorri
1040 4078 1209 4132 oenomaum.

465 4149 548 4214 Ibid.
564 4151 585 4214 l.
605 4152 653 4216 18.
670 4151 725 4216 ubi
746 4153 786 4216 de
807 4153 954 4218 nubendo
997 4155 1084 4241 ooet]
1109 4155 1204 4219 Gerte
1226 4153 1414 4240 paulopost
1435 4153 1462 4216 in

421 4235 533 4300 eedem
554 4236 617 4301 isto
639 4260 709 4324 eap.
733 4239 785 4304 vii.
806 4240 933 4304 Peioris
953 4240 1056 4325 Epeo.
1080 4241 1126 4304 ud
1155 4239 1332 4319 Corinthios,
1356 4261 1461 4305 oomm.

419 4341 473 4406 34.
500 4321 612 4386 mulier
633 4332 667 4388 ot
690 4325 779 4409 virgo
803 4327 822 4404 ἡ
846 4325 922 4406 γυνὴ
948 4329 995 4389 καὶ
1019 4327 1036 4404 ἡ
1061 4326 1217 4408 παρθένος,
1242 4335 1460 4392 memorantur.

422 4405 512 4472 Infra
526 4407 725 4475 scribendum
740 4418 799 4486 est,
815 4411 934 4476 onmirto
948 4433 1007 4476 noe
1021 4413 1230 4478 nominatum.
