3314 5190
425 483 491 548 822
802 483 834 546 S.
859 480 1098 546 CYPRIANI

426 666 500 728 tuae
536 655 659 728 salutis
695 657 859 727 inimicus
887 678 935 726 es.
987 654 1156 748 Quisquis
1191 651 1253 722 ille
1285 659 1341 724 est
1370 672 1479 743 quem

425 771 504 842 zelo
534 771 761 864 persequeris,
788 770 1034 864 subterfirgere
1061 779 1099 840 et
1130 770 1241 840 vitare
1269 776 1306 838 te
1334 767 1479 860 poterit.

425 885 481 956 'lh
505 893 544 956 te
570 909 642 956 non
668 894 771 978 potes
798 886 942 979 fugare:
977 885 1180 976 ubicunque
1210 883 1328 965 fueris,
1354 882 1480 952 adver-

426 999 537 1072 sarius
566 1010 650 1073 tuus
684 1010 805 1074 tecum
839 1010 904 1084 est,
939 1001 1051 1072 hostis
1087 1023 1227 1094 semper
1262 999 1300 1069 in
1332 1007 1480 1090 pectore

426 1122 490 1186 tuo
508 1125 572 1201 est,
594 1117 768 1211 pernicies
788 1117 886 1188 intus
908 1115 1044 1189 inclusa
1065 1125 1129 1201 est,
1147 1113 1367 1186 ineluctabili
1383 1121 1510 1191 cate-5

426 1253 551 1302 narum
581 1256 678 1304 nexu
704 1232 835 1327 ligatus
862 1241 900 1304 et
931 1235 1070 1304 vinctus
1095 1255 1144 1316 es,
1169 1229 1247 1302 zelo
1273 1231 1479 1301 dominante

426 1350 587 1442 captivus
611 1372 660 1432 es,
683 1372 750 1420 nec
775 1348 901 1420 solatia
925 1349 993 1418 tibi
1017 1347 1092 1420 ulla
1116 1347 1341 1419 subveniunt.
1393 1343 1479 1416 Per-

427 1486 589 1536 seramus
611 1464 747 1536 malum
770 1473 825 1536 est
847 1464 1030 1536 hominem
1053 1464 1216 1558 persequi
1239 1462 1284 1533 ad
1309 1459 1380 1530 Dei
1400 1483 1480 1554 gra·

425 1581 514 1652 tiam
529 1583 780 1675 pertinentem.
814 1579 1007 1654 Calamitas
1024 1583 1100 1654 sina
1117 1580 1274 1652 remedio
1291 1586 1346 1648 est
1363 1578 1479 1648 odisse

426 1695 578 1768 felicem.
1491 1717 1531 1756 lo

478 1812 527 1886 V.
554 1812 604 1884 Et
627 1813 769 1897 idcirco,
795 1813 920 1884 fratres
950 1813 1179 1896 dilectissimi,
1208 1812 1292 1882 huic
1321 1809 1478 1902 periculo

428 1929 614 2000 consulens
641 1927 826 2012 Dominus,
844 1952 890 2000 ne
913 1930 991 2021 quis
1014 1928 1092 2000 zelo
1116 1929 1231 1998 fratris
1254 1930 1291 1997 in
1311 1926 1478 2019 laqueum

426 2046 551 2116 mortis
578 2045 782 2129 incurreret,
809 2068 1001 2117 cumeum
1028 2043 1191 2138 discipuli
1221 2045 1478 2138 interrogarent

286 2193 323 2226 ue.
335 2178 369 2226 rx.
427 2163 505 2254 quis
526 2163 620 2232 inter
641 2161 721 2232 illos
743 2161 856 2255 major
876 2168 980 2244 esset,
1000 2159 1071 2249 Qui
1080 2158 1209 2256 suerit,
1227 2160 1353 2252 inquit,
1374 2159 1478 2230 mini-

427 2299 502 2346 mas
526 2277 564 2346 in
586 2273 742 2347 omuibus
764 2273 867 2360 vebia,
888 2273 945 2346 dic
967 2275 1035 2346 erit
1059 2298 1212 2372 mapaus.
1264 2274 1524 2367 Amputavit15

425 2414 568 2462 omnem
590 2392 856 2463 aemulationem
879 2414 1046 2486 responso
1067 2413 1142 2475 suo,
1165 2413 1308 2462 omnem
1334 2413 1476 2462 causam

425 2516 462 2577 et
479 2509 666 2578 materiam
683 2509 857 2578 mordacis
874 2509 1018 2578 invidiae
1036 2509 1130 2580 emit
1147 2515 1184 2578 et
1201 2507 1362 2578 abscidit.
1396 2507 1478 2578 Dis·

424 2621 543 2714 cipulo
568 2622 700 2693 Christi
725 2622 841 2694 zelare
866 2646 939 2694 non
973 2623 1068 2708 licet,
1095 2647 1167 2695 non
1195 2622 1282 2696 licet
1307 2625 1476 2695 invidere.

426 2737 663 2810 Exultationis
696 2739 790 2832 apud
825 2761 889 2812 nos
924 2764 996 2810 uon
1029 2750 1149 2835 potest
1179 2763 1256 2812 esse
1285 2743 1476 2812 contentio.

426 2854 482 2925 De
499 2855 702 2926 humilitate
724 2855 771 2925 ad
790 2877 932 2928 summa
953 2859 1153 2942 crescimus,
1175 2858 1362 2930 didicimus
1382 2858 1525 2927 undeno

423 2971 636 3067 placeamus.
688 2972 854 3064 Denique
881 2982 919 3044 et
944 2973 1124 3067 apostolus
1146 2971 1279 3045 Paulus
1300 2975 1476 3046 instmens

425 3096 463 3162 et
479 3113 627 3161 monens
650 3096 692 3160 ut
715 3090 775 3181 qui
798 3088 988 3160 illuminati
1007 3090 1138 3160 Christi
1162 3090 1297 3161 lumino
1313 3091 1476 3162 tenebras

426 3215 610 3278 neotumae
633 3207 909 3278 conversationis
932 3207 1118 3289 evasimus,
1135 3208 1172 3276 in
1190 3207 1293 3278 factis
1315 3215 1422 3299 atque
1438 3207 1475 3276 in

328 3350 397 3398 mr.
426 3323 591 3416 operibus
616 3323 759 3395 luminis
784 3321 1018 3405 ambulamus,
1044 3323 1166 3394 scribit
1191 3332 1229 3394 et
1254 3323 1363 3394 dicit:
1393 3319 1477 3393 Nor

425 3439 596 3523 transicit,
631 3437 705 3510 dica
745 3449 858 3511 aurem
898 3438 1198 3534 apprepinquavit.
1261 3437 1525 3533 Abiciamuars

425 3579 505 3653 erpo
543 3577 648 3650 opera
687 3554 911 3638 tenebrarum,
952 3564 984 3627 et
1023 3555 1209 3627 induamur
1246 3579 1345 3627 arma
1378 3554 1476 3627 lucia.

429 3669 609 3766 Tanquam
636 3672 675 3741 iu
696 3670 754 3742 die
776 3669 930 3742 decenter·
954 3669 1172 3772 ambulamus,
1198 3695 1268 3744 aaa
1291 3673 1330 3742 ia
1352 3696 1478 3744 comca-

425 3786 615 3862 saticuidua
644 3797 676 3860 er
704 3785 931 3870 ebrietatibus,
960 3811 1030 3860 uon
1060 3789 1098 3860 iu
1128 3789 1411 3884 ameupiramiiis
1444 3800 1477 3861 ei

426 3902 665 3998 impudicitiis,
696 3925 766 3974 aaa
802 3903 840 3973 ia
870 3901 1113 3974 certaminibus
1143 3913 1175 3976 et
1203 3901 1286 3976 zelo.
1348 3904 1387 3976 si
1422 3929 1478 3976 ra-

424 4029 607 4091 cessenmt
629 4021 674 4092 de
698 4030 843 4114 pectore
868 4028 932 4090 tuo
959 4020 1127 4105 tenebrae,
1146 4023 1174 4092 si
1200 4045 1273 4092 nox
1298 4022 1381 4092 inde
1407 4022 1528 4107 dis-30

424 4159 526 4208 cussa
548 4146 612 4221 est,
631 4139 660 4208 si
683 4137 798 4232 caligo
821 4137 962 4208 detersa
978 4145 1043 4220 est,
1064 4139 1093 4208 si
1116 4137 1330 4211 illuminavit
1353 4161 1477 4210 sensus

424 4261 505 4323 tuos
527 4253 693 4348 splendor
716 4256 796 4336 diei,
818 4256 846 4325 si
873 4253 980 4324 homo
1006 4253 1095 4324 lucis
1118 4277 1195 4326 esse
1220 4257 1367 4348 coepisti,
1394 4279 1477 4348 quae

422 4377 506 4439 sunt
535 4369 667 4441 Christi
697 4394 802 4464 gere;
837 4370 920 4462 quia
949 4369 1012 4440 lux
1043 4379 1080 4440 et
1110 4370 1185 4441 dies
1217 4370 1379 4442 Christus
1409 4379 1476 4442 eat.
