3316 5198
401 475 596 540 CONTRA
623 475 857 540 HAERESIM
883 477 1044 542 NOETl.
1203 478 1243 543 71

191 677 314 744 ματος,
334 643 502 725 δεικνύων
519 644 575 725 ὅτι
601 652 674 730 πᾶα
701 643 740 730 ῦς
768 643 813 726 ἂν
830 649 869 726 ἕν
886 679 922 726 τι
944 645 1081 728 τούτων
1105 649 1246 754 ἐκλίπῃ,

191 772 336 855 τελείως
350 770 446 852 θεὸν
456 773 520 851 οῦκ
533 770 718 878 ἐδόξασεν.
749 771 808 852 διὰ
825 771 898 878 γὰρ
915 778 979 874 τῆς
990 772 1145 877 Τριόδος
1161 774 1247 855 ταῦ-

175 929 257 996 Ιτης
284 896 415 1002 Πατὴρ
440 895 633 1006 δοξάζεται.
691 897 821 1004 Πατὴρ
848 898 921 1004 γὰρ
948 898 1139 1000 ἠθέλησεν,
1158 899 1247 985 Υίῦς

192 1023 370 1123 ἐποίησεν,
404 1030 555 1124 Πνεῦμα
586 1022 826 1132 ἐφανέρωσεν.
901 1031 1030 1106 Πᾶσαι
1058 1028 1177 1108 τοίνυν
1209 1033 1247 1108 ai

167 1155 333 1259 5γραφαὶ
350 1156 432 1257 περὶ
449 1152 577 1234 τοῦτον
594 1151 834 1256 κηρῦσσοοσι.

250 1279 303 1358 ιε’.
323 1281 432 1360 Ἀλλ’
461 1283 535 1385 ε’ρεΐ
560 1282 625 1381 μοί
650 1309 718 1362 τις·
747 1281 852 1388 ξένον
875 1316 936 1381 μοι
966 1281 1094 1388 φέρεις,
1124 1279 1247 1383 Λόγον

193 1406 313 1508 λέγων
330 1406 431 1488 Υἰόν.
491 1406 659 1508 Ἰωάννης
688 1405 754 1507 μὲν
784 1409 855 1514 γὰρ
882 1410 979 1511 λέγει
1008 1407 1140 1510 Λόγον,
1159 1409 1245 1488 ἀλλ’

193 1535 318 1619 ἄλλων
345 1537 552 1639 ἀλληγορεῖ.
594 1538 708 1618 οὕτως
733 1534 805 1641 γὰρ
829 1539 909 1646 (for.
928 1539 1011 1615 α’λλ’
1037 1539 1246 1638 ἀλληγορεῖ.

194 1663 274 1742 Οῦκ
292 1663 501 1763 ἄλληγορεῖ.
533 1661 635 1746 οὗτος
662 1661 745 1766 γὰρ.
772 1683 830 1741 vid.
845 1686 968 1758 notam.)
998 1662 1166 1744 δεικνύων
1183 1660 1247 1743 τόν

148 1787 318 1892 ιοΛόγον
335 1798 399 1870 τοῦ
418 1794 514 1870 Θεοῦ
541 1797 667 1871 τοῦτον
685 1789 773 1871 ὄντα
800 1792 860 1871 ἆτ’
879 1791 993 1895 ἀρχῆς
1011 1794 1069 1870 καὶ
1088 1799 1152 1871 νῦν
1170 1794 1242 1872 ἀπ·

193 1916 429 2015 εσταλμένον,
459 1917 599 2014 ὑποβὰς
626 1921 665 1999 ἐν
695 1916 1020 2025 τῇἈποκαλιίψει
1048 1917 1133 2024 ἔφη·
1173 1923 1247 2000 Καὶ

194 2042 270 2124 ’ίδον
287 2041 351 2124 τὸν
368 2043 518 2148 οὐρανὸν
535 2046 769 2154 ἠνεῳγμένον,
794 2048 854 2125 καὶ
881 2044 957 2125 ἰδοῦ
983 2045 1092 2129 ἵππος
1119 2044 1245 2132 λευκὸς

194 2175 254 2250 καὶ
276 2173 296 2250 ὁ
315 2172 511 2272 καθήμενος
534 2173 587 2253 ἐπ’
607 2174 716 2254 αὐτοῦ
743 2170 875 2257 πιστὸς
901 2176 960 2253 καὶ
987 2171 1167 2274 ἀληθινὸν,
1186 2179 1245 2256 καὶ

194 2301 233 2378 ἐν
259 2297 467 2404 δικαιοσύνῃ
488 2300 597 2403 κρίνει
618 2305 677 2380 καὶ
697 2307 857 2400 πολεμεῖ.
914 2304 965 2379 Oi
992 2298 1032 2379 δὲ
1058 2301 1245 2407 ὀφθαλμοὶ

151 2425 302 2508 1εαιάοῦ
320 2425 425 2532 φλὸξ
439 2423 564 2529 τυρός.
609 2425 807 2527 διαδήματα
824 2423 950 2506 πολλὰ
967 2427 1026 2506 ἐπὶ
1041 2424 1108 2527 τὴν
1125 2433 1241 2533 κεφα-

194 2549 266 2651 λὴν
292 2553 412 2650 αὐτοῦ,
439 2552 532 2657 ἔχων
555 2551 669 2653 ὄνομα
695 2553 942 2658 γεγραμμένον
971 2553 991 2634 ὃ
1019 2556 1130 2638 οὐδεὶς
1151 2554 1244 2636 οἶδεν

195 2685 224 2759 εἰ
237 2677 287 2780 μὴ
298 2679 415 2778 αῦτὸς,
428 2683 487 2759 καὶ
500 2681 806 2784 περιβεβλημένοι·
819 2679 958 2780 ἱμάτιον
970 2681 1244 2784 ε’ῤῥαντισμένον

195 2807 326 2906 αἵματι.
374 2810 434 2887 καὶ
461 2808 630 2908 κέκληται
656 2806 699 2887 τὸ
727 2807 839 2907 ὄνομα
866 2807 975 2887 αὐτοῦ
1003 2807 1162 2911 ὁΛόγος
1179 2819 1244 2890 τοῦ

197 2938 303 3014 θεοῦ.
361 2936 493 3038 Ὁρᾶτε
525 2935 598 3032 οῦν,
628 2938 791 3042 ἀδελφοὶ,
822 2941 899 3020 πῶς
932 2937 969 3013 ἐν
996 2934 1176 3044 συμβόλῳ
1200 2935 1244 3018 τὸ

200 3131 311 3190 Sancti.
346 3130 458 3190 Docuit
471 3131 529 3200 hie,
543 3130 622 3209 quod
636 3131 701 3209 qui·
741 3130 881 3210 legoriam
903 3129 1131 3268 interpretatur:
1155 3131 1196 3190 sio
1214 3152 1243 3190 e-

198 3231 323 3289 cumque
332 3231 423 3270 unum
434 3211 505 3289 quid
513 3211 618 3270 horum
627 3211 700 3270 omi·
741 3211 802 3269 nim
817 3209 973 3268 ostendens
1004 3212 1168 3270 ocvarbum
1185 3210 1243 3271 Dei

198 3292 278 3361 serit,
307 3293 332 3351 ia
358 3291 487 3370 perfecte
515 3291 613 3350 Deum
641 3312 700 3351 non
740 3289 820 3369 quod
843 3291 879 3348 ab
906 3289 992 3348 initio
1018 3301 1090 3361 erat,
1115 3301 1146 3350 et
1165 3311 1244 3351 nunc

197 3373 378 3452 glorificavit.
435 3371 493 3431 Par
520 3371 594 3431 hanc
621 3372 699 3431 enim
742 3371 862 3429 missum
890 3380 944 3438 eat,
971 3369 1048 3428 dixit
1075 3383 1186 3463 posteo,
1212 3372 1244 3431 in

199 3453 374 3512 Trinitatem
396 3452 485 3511 Pater
510 3450 700 3530 glorificatur.
742 3449 941 3530 Apocalypsi:
975 3450 1032 3508 “Et
1060 3451 1120 3508 vadi
1147 3451 1244 3510 coelum

199 3533 287 3592 Pater
302 3534 379 3592 enim
394 3532 498 3602 voluit,
509 3531 605 3591 Filioa
620 3531 700 3603 fecit,
742 3539 881 3610 apertum,
892 3539 918 3589 et
929 3550 1087 3610 ecceeqaut
1097 3531 1200 3590 albas:
1217 3540 1244 3591 et

199 3612 328 3692 Spiritus
356 3611 482 3671 Sanetus
512 3613 700 3671 manifestum
742 3612 791 3691 qai
804 3611 919 3670 tedebat
933 3609 962 3668 in
982 3632 1021 3679 eo,
1030 3611 1135 3688 fidelis
1154 3620 1180 3670 et
1197 3631 1244 3670 oe-

199 3693 286 3752 fecit:
315 3713 415 3752 omnen
438 3691 528 3770 igitur
549 3693 700 3772 scripturae
743 3712 809 3764 raa,
835 3699 861 3749 et
884 3691 914 3749 ἰιι
930 3691 1052 3770 justitio
1072 3691 1192 3770 judicat
1217 3701 1244 3750 et

199 3772 236 3832 da
249 3772 304 3832 hoe
318 3772 486 3852 pradicant.
739 3779 862 3850 pugnat.
880 3771 964 3830 Oculi
972 3773 1036 3850 ejas
1043 3771 1117 3831 sicut
1119 3771 1244 3850 flammo

239 3851 311 3912 XV.
327 3853 386 3912 Sed
400 3853 477 3911 dicet
491 3851 563 3910 mihi
577 3851 699 3930 aliquis:
742 3851 830 3931 iguis,
849 3859 875 3909 et
897 3852 927 3910 ιἰι
948 3851 1042 3929 capite
1060 3854 1124 3930 ιγόκ
1142 3851 1243 3910 diode-

198 3934 319 3992 Novum
348 3934 470 3992 verbum
504 3932 576 3991 milri
606 3932 701 4002 affers,
743 3939 820 3991 mata
851 3932 968 3998 multa;
1004 3930 1112 3990 Ιιαδοιικ
1147 3951 1245 3990 nomeu

199 4034 265 4072 cum
294 4013 404 4071 Filium
432 4033 527 4074 vocas.
571 4011 702 4072 Joonnes
742 4011 880 4090 scriptum
901 4012 976 4092 quod
997 4033 1075 4071 nmo
1093 4011 1168 4071 novit
1188 4011 1245 4069 nisi

198 4093 275 4152 enim
285 4092 416 4154 Verbum
428 4091 703 4171 quidemdicitsed
744 4091 813 4170 ipae.
864 4091 903 4149 Et
938 4091 1055 4150 vestitus
1082 4101 1145 4150 erat
1171 4101 1245 4152 veste

198 4172 282 4232 aliter
303 4193 355 4252 per
375 4173 541 4252 allegoriam
559 4173 703 4251 intorpre-
743 4191 864 4250 aspersa
886 4172 1046 4250 sanguine:
1069 4181 1095 4230 et
1118 4182 1245 4232 vocatum

199 4263 288 4313 tatur.
310 4254 405 4312 Immo
419 4273 478 4312 non
493 4251 579 4312 aliter
595 4271 647 4332 per
661 4251 703 4311 al·
744 4259 786 4310 ert
807 4272 905 4311 nomm
929 4253 1004 4331 ejas,
1033 4253 1152 4312 Verbum
1177 4251 1244 4312 Dei.

605 4415 789 4479 ικρωαιοι.
807 4430 843 4464 ιι.
