3310 5224
354 839 680 926 VETERUM
715 835 1121 923 TESTIMONIA

716 1058 758 1098 DE

430 1217 669 1283 EPISTOLA
702 1219 733 1282 S.
758 1216 1046 1281 POLYCARPI.
1082 1259 1087 1268 ·

626 1409 847 1444 4-

397 1562 429 1621 S.
446 1561 575 1622 Irenaeus
589 1561 654 1620 aeia.
671 1561 814 1632 Horam,
829 1563 879 1624 lib.
896 1564 956 1623 111.
972 1584 1033 1644 esp.
1049 1581 1076 1640 3.

188 1711 206 1772 5
291 1693 357 1754 ΣΤΙ
380 1691 413 1753 δέ
428 1689 476 1754 καὶ
496 1688 640 1768 ἐπιστολὴ
658 1690 860 1773 Παλνκθρπον
882 1692 956 1774 πρὸς
976 1693 1260 1774 Φιλιτπησίονςγε-

304 1791 467 1875 γραμμίνη,
482 1790 654 1872 ἱκανωτάτη,
667 1792 699 1871 ἐξ
712 1793 748 1872 ἧς
764 1794 811 1858 καὶ
825 1794 879 1857 τὸν
889 1796 1061 1878 χαρακτῆρα
1071 1796 1122 1872 τῆς
1134 1795 1263 1861 πίστεως

216 1895 315 1969 αὐτοῦ,
332 1895 381 1960 καὶ
402 1894 436 1958 τὸ
459 1893 591 1978 κήρυγμα
613 1897 664 1974 τῆς
687 1896 839 1974 ἀληθείας,
855 1898 884 1961 ol
896 1898 1089 1978 βουλόμεναι,
1105 1897 1154 1962 καί
1168 1905 1262 1979 φραν-

215 1997 343 2072 τίζοντες
364 2000 414 2076 τῆς
436 1999 548 2061 ἑαυτῶν
567 1999 723 2079 σωτηρίας,
744 1999 884 2064 δύνανται
903 2003 1019 2080 μαθεῖν.
1066 2000 1140 2060 Hoc
1161 2001 1262 2060 Irenaei

217 2101 318 2160 Graes
331 2100 432 2179 lingna
445 2101 572 2161 servavit
586 2101 743 2172 Eusebius,
758 2102 808 2162 lib.
818 2103 875 2162 IV.
891 2102 973 2163 Hist.
986 2103 1066 2164 Eool.
1076 2121 1138 2181 nep.
1153 2119 1197 2174 14.
1211 2098 1263 2178 qui

172 2222 207 2262 ιο
216 2197 279 2278 ipse
292 2197 383 2267 addit,
394 2192 438 2260 Ὀ
452 2195 490 2279 γέ
503 2221 549 2260 ται
566 2199 767 2279 Παλθκαρπας
785 2199 819 2262 ἐν
832 2201 868 2286 τῇ
882 2199 1049 2278 δηλωθείση
1063 2197 1139 2278 πρὸς
1151 2201 1262 2260 Φιλιπ-

215 2299 339 2378 πησίονς
353 2297 442 2362 αὐτοῦ
456 2299 569 2380 γραφῇ,
584 2297 735 2380 φερομένη
754 2301 797 2366 είς
810 2303 906 2382 δεῦρο,
923 2300 1066 2384 κέχρηταί
1076 2324 1138 2362 τισι
1151 2323 1262 2380 μαρτν-

214 2399 292 2480 ρίαις
305 2401 365 2464 ἐπὸ
375 2403 427 2481 τῆς
438 2400 557 2483 Πέτρον
566 2401 712 2483 προτέρας
724 2401 895 2480 ἐπιπολῆς.
911 2424 944 2488 p.
955 2417 1027 2486 252.
1039 2399 1114 2466 edit.
1127 2401 1264 2466 Burton.

494 2605 498 2615 ·
554 2577 640 2636 Vetas
655 2575 761 2635 Irenoei
774 2575 934 2656 Ιηίοτρτες.

257 2689 314 2750 Est
328 2701 425 2750 autem
440 2703 470 2751 et
485 2689 620 2770 Epistola
631 2689 719 2770 Poly·
761 2689 840 2748 bium
853 2689 1013 2748 siovemre
1022 2689 1117 2768 pergit
1126 2699 1211 2748 vetus
1220 2689 1264 2748 in.

171 2771 294 2850 isoarpi
315 2771 353 2831 od
374 2770 578 2852 Philippenses
601 2771 719 2850 scripta,
762 2779 873 2849 terpres
901 2769 1060 2841 Rufinnse)
1085 2769 1265 2850 Polyosrpus

215 2851 442 2930 perfectissima:
465 2871 502 2910 ex
523 2871 581 2929 qua
602 2862 632 2910 et
652 2851 720 2910 oha-
761 2869 831 2908 vero
856 2849 888 2907 in
915 2849 978 2929 ipsa
1005 2849 1149 2929 Epistola,
1177 2868 1264 2927 qnam

216 2942 356 2992 meterem
378 2932 447 2992 fidei
470 2933 545 3008 ejus,
562 2941 593 2992 et
615 2931 719 3010 praedi·
761 2929 798 2988 ad
814 2929 1018 3009 Philippenses
1030 2929 1194 3008 scripserat,
1204 2929 1264 2988 nti-

216 3012 359 3074 ostionem
380 3013 521 3083 veritatis,
539 3012 590 3090 qui
607 3011 720 3078 volunt,
762 3019 812 3068 tur
825 3009 1001 3069 testimoniis
1014 3008 1050 3069 de
1071 3010 1165 3088 prima
1182 3009 1263 3068 Petri

217 3101 247 3150 et
271 3113 369 3150 euram
393 3092 501 3152 habent
526 3113 586 3152 snoe
608 3091 720 3162 salutis,
762 3088 908 3170 Epistola.

171 3203 208 3244 20
217 3182 339 3250 possunt
353 3172 473 3232 dissere.
518 3172 610 3248 (Dein
625 3171 721 3231 Euse-

241 3325 322 3386 Idem
339 3326 469 3388 Irenoeus
486 3327 619 3406 Epistola
634 3326 675 3384 ad
689 3325 848 3392 Florianum,
863 3322 941 3404 apud
957 3321 1120 3382 Eusebium
1135 3319 1185 3380 lib.
1197 3322 1238 3382 V.

583 3422 663 3481 Hist.
678 3420 759 3482 Eccl.
775 3441 838 3498 oap.
853 3439 900 3479 ao.

261 3517 321 3582 Kal
341 3521 375 3583 ἐκ
395 3525 455 3584 τῶν
476 3523 644 3584 ἐπιστολῶν
664 3519 697 3581 δέ
716 3517 806 3582 αὐτοῦ
823 3517 1004 3599 (Polyosrpi)
1022 3516 1064 3578 ῶν
1078 3512 1265 3588 ἐπέστειλεν,

217 3619 282 3699 ἤτοι
294 3625 358 3688 ταῖς
371 3623 557 3703 γειτνιώσας
568 3621 750 3700 ἐκκλησίαις,
764 3617 957 3700 ἐπιστηρίζων
968 3616 1068 3690 αὐτὸς,
1080 3612 1099 3696 ἢ
1110 3620 1170 3680 τῶν
1179 3617 1267 3680 ἐδελ-

171 3750 205 3812 25
218 3727 285 3804 φῶν
297 3723 368 3796 τισί,
385 3729 531 3789 νουθετῶν
545 3723 651 3791 αὐτοὺς
666 3723 713 3788 καὶ
727 3722 975 3807 προτρεπόμενος,
992 3721 1113 3786 δύναται
1128 3728 1265 3802 φανερω-

218 3827 305 3904 θῆναι
320 3826 491 3908 (Polyoarpi
505 3827 675 3903 sententia).

484 3977 603 4036 Eusebii
618 3986 696 4036 vetos
710 3977 852 4056 interpres
867 3975 1000 4054 Rafiaoa.

259 4072 722 4153 Sedetepristolisejus,quas
763 4093 823 4138 eos,
851 4083 881 4131 et
909 4072 1063 4132 oohortans
1096 4071 1133 4130 sd
1168 4071 1265 4142 fidem,

218 4152 343 4246 spripsit,
367 4153 414 4212 vel
441 4153 478 4212 ad
498 4153 607 4212 vicinas
631 4153 721 4248 eoele-
763 4162 861 4232 potest
871 4152 1024 4248 ‘sententia
1039 4152 1103 4229 ejus
1116 4151 1267 4212 evidenter

218 4251 284 4384 tt:
296 4232 723 4374 tltntttt‘ttittz
763 4253 888 4311 ΨΜ·
