3316 5198
546 457 611 520 DE
635 451 897 520 ORATIONE.
1185 447 1249 511 103

196 635 329 728 Itaque
346 635 397 706 sic
411 635 600 705 adorantes
618 632 726 701 etiam
747 634 962 721 praeceptum
982 624 1130 694 obimus.
1184 621 1250 694 Fe-

198 750 286 822 lices
311 750 372 842 qni
398 748 541 820 Patrem
567 755 774 842 agnoscunt.
827 742 908 812 Hoc
931 749 996 824 est,
1014 741 1108 832 quod
1127 738 1250 810 Israeli

199 867 426 960 exprobatur,
454 867 549 958 quod
578 865 709 936 coelunr
747 883 789 932 oo
818 867 950 930 terram
979 857 1134 950 Spiritus
1167 879 1251 927 con-

199 991 363 1065 testatur,
381 981 508 1065 Filios,
534 983 664 1064 dicens,
678 969 792 1069 (Esai.
810 977 833 1046 i.
849 979 897 1068 1.)
919 974 1035 1072 penui,
1062 981 1094 1044 et
1119 970 1174 1043 illi
1198 993 1252 1042 mc

173 1111 271 1172 saon
289 1109 508 1196 egemonii.
545 1095 706 1168 Dicendo
724 1103 845 1166 autem
862 1101 1010 1186 patrem,
1029 1090 1148 1161 Deum
1166 1112 1253 1181 quo-

200 1239 272 1308 que
300 1215 600 1310 cognominamus.
652 1210 860 1304 Appellatio
887 1211 956 1279 ista
982 1217 1020 1278 et
1044 1207 1187 1300 pietatis
1214 1213 1252 1276 et
1374 1203 1377 1210 ’

201 1333 390 1423 potestatis
414 1341 479 1402 est.
532 1330 626 1401 Item
653 1329 690 1398 in
708 1326 814 1397 Patre
832 1325 943 1396 Filius
963 1326 1158 1405 invocatur,
1175 1320 1253 1418 Epo

202 1448 305 1530 caim,
323 1448 448 1540 inquit,
467 1445 540 1537 (Jo.
558 1469 593 1514 x.
613 1446 687 1537 30.)
705 1452 737 1514 et
752 1441 863 1514 Pater
878 1463 986 1512 anum
1011 1461 1139 1511 summ.
1192 1439 1253 1508 Ne

202 1573 319 1634 mater
336 1564 480 1656 quidem
498 1560 647 1632 ccclesia
662 1561 870 1653 praeteritur.
922 1557 1107 1650 Siquidem
1124 1558 1161 1626 in
1177 1555 1251 1626 filio

156 1689 242 1751 roet
282 1687 381 1772 patre
415 1687 531 1748 mater
559 1677 831 1770 recognoscitur,
862 1677 906 1745 de
939 1697 1011 1766 qua
1042 1679 1183 1744 wconstat
1213 1681 1251 1743 et

202 1797 313 1889 patris
339 1803 376 1864 et
392 1795 457 1864 filii
483 1815 624 1863 nomen.
677 1790 761 1862 Uno
787 1791 897 1885 igitur
923 1812 1053 1884 genere
1079 1796 1142 1858 aut
1159 1785 1252 1882 (for.

203 1913 375 2007 generali)
394 1910 566 1982 vocabulo
592 1918 630 1980 et
649 1907 768 1979 Deum
786 1929 868 1978 cum
887 1907 958 1976 suis
975 1904 1198 1986 honoramus,
1216 1911 1254 1972 et

203 2031 370 2122 precepti
388 2029 624 2109 meminimus,
642 2034 680 2095 et
697 2023 826 2094 oblitos
844 2022 960 2094 Patris
977 2022 1197 2091 denotamus.

257 2145 402 2215 Nomen
415 2142 486 2214 Dei
500 2143 616 2213 Patris
633 2141 766 2211 nemini
783 2139 964 2232 proditum
981 2138 1107 2208 namt.
1135 2137 1255 2208 Etiam
1273 2147 1350 2198 CAP·
1359 2147 1410 2196 111·

156 2262 266 2353 rsqui
301 2261 346 2329 de
380 2261 455 2352 ipso
489 2262 768 2351 interrogaverat
803 2251 958 2348 Moyses,
987 2254 1083 2326 aliud
1111 2255 1256 2346 quidem

205 2399 337 2447 nornen
353 2376 523 2446 audierat.
564 2374 680 2445 Nobis
698 2370 893 2442 revelatum
912 2381 966 2442 est
983 2375 1021 2444 in
1039 2371 1139 2443 Filio.
1172 2372 1256 2443 Jam

204 2490 302 2560 enim
333 2487 443 2558 Filius
472 2509 605 2557 novum
636 2487 752 2558 Patris
785 2511 916 2559 nornen
943 2498 1026 2573 est3
1063 2487 1141 2585 Epo
1168 2487 1256 2568 cerri,

205 2606 331 2698 inquit,
362 2603 434 2693 (Jo.
462 2627 495 2674 u.
525 2607 599 2698 42.)
629 2605 667 2674 iu
694 2605 832 2676 nemim
858 2603 992 2676 Putria
1044 2605 1094 2676 Et
1126 2627 1256 2687 rursus,

205 2721 316 2793 Potor
345 2719 504 2818 glorifico
538 2741 660 2792 comen
694 2730 800 2793 mum.
853 2721 902 2792 Et
930 2725 1095 2816 apertius,
1123 2721 1257 2794 Nomou

158 2861 197 2900 20
207 2846 303 2909 mum
331 2834 551 2932 manifestavi
578 2833 782 2907 homiuibus.
835 2837 878 2907 Id
904 2861 988 2933 ergo
1014 2848 1055 2909 ut
1079 2857 1257 2910 saucrrrr·

206 2971 327 3026 cerua
342 2952 575 3045 postulamus.
628 2952 714 3023 Non
732 2953 826 3046 quod
845 2954 970 3024 deceat
985 2955 1148 3025 homines
1165 2953 1257 3024 bene

208 3069 288 3139 Deo
307 3077 439 3162 optare,
458 3069 557 3160 quasi
575 3070 621 3138 sit
638 3077 676 3139 et
692 3069 783 3139 alius
804 3070 849 3138 de
867 3091 937 3160 quo
955 3071 987 3139 ei
1005 3071 1116 3160 possit
1133 3070 1256 3161 optari,

207 3193 272 3257 ant
305 3183 453 3266 laboret,
483 3183 550 3254 nisi
585 3191 759 3276 optemus.
812 3182 924 3254 Plane
956 3182 1110 3254 benedici
1142 3183 1257 3255 Deum

209 3299 318 3391 (Psal.
336 3299 404 3370 ciii.
424 3301 499 3390 22.)
524 3300 620 3369 omni
649 3298 728 3371 loco
756 3325 798 3372 ac
823 3309 985 3393 ternpore
1010 3303 1193 3384 condecet,
1212 3301 1258 3371 ob

160 3425 196 3486 Ε5
209 3416 367 3488 debitam
402 3433 541 3508 semper
567 3419 774 3488 memoriam
809 3416 1062 3487 beneficiorum
1097 3418 1182 3508 ejus,
1213 3415 1258 3487 ab

208 3533 306 3604 omni
331 3532 486 3602 homine.
538 3531 612 3602 Sed
630 3542 667 3604 et
683 3533 751 3603 hoc
768 3533 1024 3604 benedictionis
1042 3535 1120 3604 vice
1142 3533 1260 3626 fungi·

210 3659 278 3719 tur.
330 3647 501 3718 Ceterum
518 3648 660 3739 quando
676 3671 748 3718 non
765 3658 927 3720 sanctum
946 3659 984 3720 et
1001 3651 1259 3721 sanctificatum

210 3777 265 3836 est
280 3787 345 3858 per
362 3765 593 3857 semetipsum
609 3786 740 3834 nomen
752 3764 831 3849 Dei,
848 3789 960 3858 quum
977 3774 1115 3837 ceteros
1131 3767 1260 3836 sancti-

210 3879 294 3950 ficet
311 3901 358 3950 ex
375 3878 596 3973 semetipso?
621 3879 689 3949 Cui
705 3877 767 3949 illa
784 3879 983 3976 capellarum
1001 3881 1261 3952 cirmmstontio

164 4017 280 4074 socca
303 4004 434 4066 cessant
461 3995 584 4078 dicere,
607 3994 767 4082 samaa,
795 3993 954 4078 Sanctus,
975 3995 1125 4068 Saucius
1151 3995 1259 4085 (Esai.

212 4113 257 4181 vi.
277 4117 310 4182 3.
329 4111 444 4206 Apoc.
462 4115 508 4183 iv.
527 4115 588 4206 8.).
640 4111 793 4182 Proinde
819 4115 930 4207 igitur
958 4123 996 4184 et
1025 4137 1089 4184 nos
1119 4114 1261 4209 angelo-

212 4225 300 4310 rnm,
324 4229 354 4298 si
381 4229 623 4311 meruerimus,
654 4229 831 4299 candidati
859 4229 936 4321 jam
966 4229 1048 4300 hinc
1079 4231 1260 4303 coelestem

212 4342 309 4413 illam
340 4347 377 4414 in
401 4343 521 4416 Deum
543 4365 677 4427 vocem,
695 4355 733 4415 ct
754 4345 909 4415 officium
933 4345 1062 4418 iirturae
1091 4347 1261 4418 claritatis
