3326 5200
726 597 774 662 IN

463 783 1035 882 TERTULLIANI

500 957 506 968 ’
635 1002 862 1076 amnon

281 1201 350 1274 DE
377 1201 796 1274 PRAESCRIPI'IONE
823 1201 1215 1277 HAERETIOORUM

510 1398 989 1484 ANNO'I'A'I'IONES.

643 1615 869 1650 ...4-

271 1771 485 1835 Teucris-uun
508 1792 588 1856 quos
609 1771 670 1836 edo
685 1771 872 1837 Tertulliani
893 1772 982 1858 prior
1002 1771 1054 1836 ille
1075 1771 1113 1836 de
1132 1771 1276 1836 Oratione

227 1857 350 1922 auctori
365 1866 442 1923 ante
455 1858 580 1943 lapsum
594 1858 663 1943 ejus
680 1858 722 1922 ed
739 1858 993 1924 Montenismum
1014 1857 1149 1924 attribui
1171 1858 1272 1934 solet;

227 1944 284 2008 sed
303 1943 387 2008 alter
404 1943 529 2008 libellus
547 1943 585 2008 de
603 1944 842 2030 Promptiores
858 1945 1089 2023 Heraion-rem,
1104 1952 1277 2045 propterea

228 2031 313 2115 quod
327 2030 369 2094 ab
391 2053 429 2095 eo
448 2031 482 2094 in
501 2029 582 2096 libro
603 2030 706 2116 primo
725 2053 783 2095 suo
807 2031 920 2095 Uentre
941 2031 1133 2095 Maroionem
1151 2031 1277 2094 videtur

227 2117 401 2201 promissus
419 2117 524 2194 frume,
548 2138 619 2181 oum
641 2116 843 2182 Montanista
862 2117 931 2202 jam
952 2116 1057 2181 iaetus
1077 2123 1171 2194 esset,
1192 2115 1278 2180 inter

229 2223 326 2287 opere
340 2203 408 2287 ejus
422 2201 599 2288 composita
615 2209 690 2287 post
703 2209 867 2288 suseeptos
886 2224 1009 2268 errores
1030 2201 1277 2268 Montanistiooa

228 2309 455 2373 nonnunquam
466 2295 622 2367 oensetur‚
633 2289 736 2376 magia
746 2310 842 2373 quam
857 2296 989 2374 propter
1000 2309 1167 2374 perperam
1178 2288 1275 2366 diota,

229 2397 301 2460 quae
326 2375 359 2438 in
384 2375 454 2461 ipso
475 2381 620 2440 treotatu
645 2375 855 2460 reperiantur.
900 2375 995 2441 Oerte
1016 2396 1076 2460 ego
1101 2373 1188 2438 nulla
1211 2395 1277 2438 om·

228 2461 304 2526 nino
329 2461 423 2546 hujus
448 2460 578 2526 haeresis
602 2461 736 2548 vestigia
757 2461 790 2524 iu
819 2461 879 2525 hoo
905 2460 1055 2546 opuseulo
1083 2459 1277 2545 deprehendi

229 2569 322 2634 posse
336 2546 492 2624 existimo,
508 2554 566 2612 aut
580 2546 624 2610 ibi
645 2569 801 2633 apparere
815 2548 1001 2632 cujusquam
1016 2546 1171 2612 doetrinae
1186 2545 1277 2609 aemi-

230 2639 282 2698 tas
306 2632 348 2698 ab
374 2633 506 2698 eeclesia
532 2653 597 2696 non
622 2633 770 2698 calcatas.
815 2634 924 2700 Ponas
949 2633 1033 2697 enim
1055 2631 1141 2698 haud
1166 2638 1278 2696 extare

230 2719 402 2804 quidquem
427 2718 646 2784 Montanismo
672 2719 792 2784 diseors
817 2720 851 2783 in
871 2720 977 2805 eapite
998 2717 1276 2801 ve1223ve136,

230 2805 336 2870 omnia
349 2814 458 2870 tamen
473 2803 630 2870 ostholioo
643 2827 732 2870 more
745 2805 903 2892 modoque
924 2805 1040 2890 ubique
1057 2803 1187 2889 exponit
1202 2803 1278 2868 Ter-

230 2891 391 2957 tullianus.
436 2890 558 2956 Vernm
580 2891 665 2955 enim
678 2913 753 2956 vero
773 2891 843 2956 fieri
864 2897 981 2977 potest,
996 2898 1034 2956 ut
1054 2911 1117 2976 quo
1134 2897 1279 2975 tempore

230 2977 291 3079 hoo
304 2975 489 3063 opuseulum
503 2983 617 3078 auotor
629 2977 791 3054 scriberet,
807 2977 835 3041 is
856 2999 954 3042 novas
974 2975 1160 3062 prophetias
1177 2996 1278 3075 neque

230 3071 541 3249 runnu
569 3061 1278 3214 ulnsltuniunnnuu

231 3236 317 3319 quod
341 3236 460 3300 attinet
484 3235 557 3299 libri
580 3235 674 3320 primi
702 3235 814 3299 Οωιῑω
838 3235 1039 3310 Manem,
1063 3231 1096 3296 in
1122 3253 1185 3317 quo
1207 3253 1279 3317 pro-

231 3321 362 3386 missum
377 3321 437 3386 hoo
452 3343 531 3406 opus
542 3320 699 3384 nonnullis
711 3321 845 3400 videtur,
857 3342 916 3385 nos
927 3319 1106 3384 meminisse
1117 3317 1277 3393 debemus,

231 3407 363 3508 diversis
377 3408 519 3508 'quidem
542 3407 739 3492 temporibus
761 3413 908 3506 exortam
930 3413 1028 3506 atque
1053 3411 1182 3506 anetem
1211 3425 1280 3468 esse

231 3493 481 3644 tulitin
501 3493 589 3644 iii
609 3491 1280 3665 ttetttssltstlttttlt}

232 3666 330 3730 verba
356 3665 533 3750 dequibus
557 3665 691 3751 agimus,
712 3673 749 3730 ut
776 3666 856 3730 Ant.
879 3665 935 3729 Fr.
958 3663 1088 3728 Vemosi
1114 3663 1157 3728 ad
1179 3661 1280 3726 oardi·

232 3750 313 3816 nelis
339 3751 500 3816 Thomasii
524 3751 732 3816 Imitatum
756 3751 853 3817 l'leol.
875 3751 935 3816 vol.
957 3750 984 3814 l.
1006 3773 1036 3836 p.
1061 3751 1091 3812 8.
1244 3747 1279 3824 ‘t,

232 3858 252 3900 o
275 3859 313 3900 us
325 3837 455 3922 aliquod
469 3838 603 3922 posthae
617 3837 774 3902 edendum
789 3837 874 3902 haud
889 3836 1066 3902 neeessario
1088 3834 1169 3920 sigm
1192 3840 1280 3898 eant.

268 3923 346 3988 erbo
373 3923 640 4010 apponam-Sed
662 3923 745 3988 olim
773 3921 900 3997 libellus,
927 3922 1030 4007 inquit
1055 3919 1280 3996 Tertullianus,

232 4007 311 4073 lune
332 4010 466 4094 padum
488 4007 644 4074 metiret&
667 4009 813 4074 ndoerm
834 4009 998 4086 imatione,
1025 4008 1117 4072 etiem
1141 4006 1207 4070 eine
1235 4026 1281 4070 re-

232 4103 367 4160 traetata
379 4095 590 4160 mmmmm
603 4096 804 4172 revincendos,
820 4095 901 4180 quod
919 4095 972 4158 loo
987 4092 1147 4178 (heerasis)
1161 4093 1224 4155 sint
1244 4090 1283 4154 de

226 4177 1283 4366 Zimfflfflfflfflifflffl

232 4317 415 4436 delineata
438 4319 607 4442 deputam,
633 4354 770 4438 reputem
795 4353 971 4417 adversarii
988 4373 1084 4436 pnes
1101 4360 1281 4436 melcoma.

232 4438 289 4504 lib.
303 4438 330 4504 1.
345 4461 375 4504 e.
392 4461 419 4506 r.
464 4440 557 4518 soleo,
573 4439 685 4504 soribit
699 4447 733 4505 et
747 4439 833 4516 alibi,
849 4440 883 4502 in
892 4438 1124 4524 prescriptione
1138 4437 1283 4502 adom
