3316 5198
267 491 611 556 TERTULLIANI
635 492 700 557 DE
725 491 1018 556 PRAESCRIPT.
1043 491 1169 555 HAER.
1215 491 1279 554 123

229 669 306 760 ejus
340 668 376 736 in
410 676 532 737 nostra
566 673 754 759 potestate.
806 665 974 738 Haerese·
1008 685 1092 736 vero
1126 673 1279 738 mortem

228 793 410 866 aeternam,
429 791 466 853 et
483 783 624 876 majoris
642 785 732 877 ignis
749 783 909 854 ardorem
927 782 1129 864 inferentes,
1140 782 1280 853 malunt

228 901 371 992 quidam
387 901 528 982 mirari,
546 902 640 992 quod
666 900 734 970 hoc
760 900 904 992 possint,
922 922 1030 991 quam
1055 899 1212 969 devitare
1234 922 1280 970 no

228 1016 385 1107 possint;
421 1038 505 1084 cum
534 1016 690 1086 habeant
720 1014 900 1085 devitandi
935 1022 1161 1107 potestatem.
1213 1013 1281 1085 Ce-

201 1139 345 1216 5temm
381 1130 468 1199 nihil
498 1131 678 1214 valebunt,
713 1133 741 1200 si
776 1130 853 1201 illas
888 1139 1028 1200 tantum
1056 1130 1174 1201 valere
1207 1153 1280 1200 non

228 1248 412 1316 mirentur.
463 1244 543 1316 Aut
569 1249 664 1317 enim
695 1248 780 1318 dum
807 1249 989 1332 mirantur,
1012 1249 1049 1317 in
1075 1244 1279 1317 scandalum

229 1362 558 1433 subministrantur:
585 1372 647 1434 aut
674 1365 757 1455 quia
786 1365 1077 1446 scandalizantur,
1106 1364 1187 1434 ideo
1214 1365 1281 1434 mi·

228 1486 359 1560 rantur,
378 1482 486 1571 quasi,
505 1480 600 1571 quod
626 1489 767 1551 tantum
786 1481 937 1564 valeant,
955 1505 1002 1551 ex
1027 1480 1144 1572 aliqua
1161 1481 1282 1551 veniat

229 1595 389 1665 veritate.
443 1595 580 1666 Mirum
606 1598 743 1668 scilicet
767 1607 809 1668 ut
828 1597 964 1668 malum
989 1599 1079 1668 vires
1109 1620 1189 1668 suas
1218 1596 1281 1666 ha-

184 1713 332 1786 robeat:
359 1715 425 1784 nisi
450 1714 545 1805 quod
571 1714 724 1786 lraereses
749 1715 843 1807 apud
869 1737 929 1785 eos
955 1714 1109 1784 multum
1127 1714 1278 1795 valeant,

228 1831 288 1920 qui
306 1830 431 1900 infide
448 1853 520 1899 non
539 1829 668 1900 valent.
721 1829 765 1899 In
791 1853 910 1923 pugna
933 1827 1095 1922 pugilum
1113 1837 1151 1898 et
1167 1827 1280 1921 gladi·

227 1953 377 2030 atorum,
401 1946 610 2039 plerumque
636 1969 707 2015 non
735 1945 818 2036 quia
845 1944 945 2014 fortis
971 1952 1035 2026 est,
1054 1945 1164 2014 vincit
1190 1946 1278 2036 quis,

227 2071 290 2132 aut
317 2065 401 2154 quia
433 2087 504 2133 non
535 2070 653 2155 potest
682 2061 797 2144 vinci3
833 2061 895 2130 sed
926 2061 1092 2152 quoniam
1123 2059 1182 2130 ille
1216 2064 1276 2152 qui

228 2180 341 2249 victus
368 2187 432 2261 est,
450 2180 557 2250 nullis
577 2179 709 2248 viribus
734 2177 822 2247 fuit:
849 2177 939 2246 adeo
964 2176 1059 2244 idem
1087 2174 1146 2245 ille
1164 2177 1278 2246 victor

183 2294 319 2386 15bene
352 2295 487 2365 valenti
521 2303 647 2388 postea
680 2303 913 2387 comparatus,
947 2294 1056 2363 etiam
1091 2303 1275 2385 superatus

227 2412 371 2481 recedit.
425 2409 511 2480 Non
528 2410 631 2480 aliter
647 2410 800 2480 haereses
817 2412 862 2480 de
880 2409 1113 2502 quorumdam
1130 2410 1276 2480 infirmi·

227 2528 360 2599 tatibus
385 2528 519 2599 habent
536 2530 630 2620 quod
649 2527 778 2610 valent,
796 2525 884 2596 nihil
903 2526 1061 2596 valentes
1079 2524 1111 2594 si
1130 2526 1168 2594 in
1185 2526 1276 2595 bene

228 2641 405 2714 valentem
423 2645 530 2715 fidem
547 2647 738 2714 incurrant.

278 2759 404 2830 Solent
429 2761 572 2853 quidem
600 2763 658 2831 isti
689 2761 897 2831 infirmiores
924 2761 1032 2831 etiam
1061 2761 1105 2830 da
1133 2760 1276 2851 quibus·
1294 2777 1431 2826 carru.

180 2875 309 2946 '20dam
335 2878 493 2968 personia
517 2877 563 2947 ab
588 2876 714 2947 haeresi
740 2878 862 2968 captis,
880 2876 1046 2946 aedificari
1071 2877 1109 2945 in
1126 2876 1275 2946 ruinam.

228 2991 347 3074 Quare
373 2992 433 3062 ille
458 2992 515 3063 vel
541 2993 602 3063 ille
629 2993 834 3074 fidelissimi,
852 2992 1124 3084 prudentissimi,
1147 2999 1185 3061 et
1206 2993 1276 3061 usi-

227 3109 390 3178 tatissimi
420 3112 457 3178 in
483 3109 640 3193 ecclesia,
669 3111 707 3179 in
737 3108 834 3178 illam
867 3117 1005 3200 partem
1033 3108 1274 3178 transierunt?

228 3223 317 3307 Quis
346 3224 414 3294 hoc
449 3226 578 3307 dicens,
607 3249 678 3294 non
712 3225 786 3317 ipse
814 3222 880 3292 sibi
915 3225 1124 3315 respondet3
1159 3246 1274 3314 neque

225 3339 427 3431 prudentes,
444 3363 560 3432 neque
577 3339 710 3421 fidelea
729 3361 844 3429 neque
865 3339 1014 3408 usitatos
1036 3339 1273 3422 aestimandos,

179 3476 314 3545 25quos
341 3454 493 3525 haereses
523 3455 704 3546 potuerint
735 3454 945 3525 demutare?
972 3454 1021 3523 Et
1045 3452 1114 3523 hoc
1143 3455 1272 3523 mirum

226 3568 379 3663 (opinor)
409 3578 451 3639 ut
480 3570 648 3662 probatus
677 3570 785 3661 aliqui
819 3580 924 3653 retro,
954 3579 1078 3662 postea
1103 3570 1272 3640 excidat?

226 3683 313 3754 Saul
347 3686 460 3756 bonus
494 3709 568 3778 prae
602 3687 739 3768 ceteris,
773 3685 883 3756 livore
924 3694 1048 3779 postea
1090 3687 1290 3755 evertitum
1308 3701 1425 3780 aega...-

227 3797 344 3870 David
378 3803 431 3871 vir
471 3802 585 3871 bonus
627 3803 821 3871 secundum
855 3824 916 3870 cor
950 3798 1106 3882 Domini,
1147 3781 1294 3892 posteal
1308 3766 1368 3893 ἓξὲξ
1380 3783 1433 3880 {2¹¹⁶

225 3917 333 3986 oaedis
358 3925 396 3987 et
424 3919 535 4010 stupri
562 3941 642 3988 reus
668 3926 731 3988 est.
784 3917 953 3988 Salomon
971 3918 1068 3986 omni
1092 3917 1215 4009 gratia,
1234 3896 1368 4010 etsstffff
1381 3897 1414 3944 ⁵⁵⁵·

175 4067 216 4125 30
225 4033 397 4123 sapientia
421 4034 572 4103 donatus
592 4055 614 4101 a
632 4031 796 4115 Domino,
814 4035 858 4105 ad
884 4032 1119 4103 idololatriam
1147 4054 1169 4101 a
1192 4054 1271 4101 mu-

225 4144 369 4216 lieribus
398 4147 587 4218 inducitur.
640 4146 714 4217 Soli
740 4151 835 4218 euim
859 4148 928 4219 Dei
952 4147 1042 4218 Filio
1068 4149 1273 4218 servabatur

225 4263 300 4331 sine
324 4261 456 4332 delicto
483 4284 699 4354 pennanera.
751 4263 846 4346 Quid
872 4287 957 4357 ergo
981 4264 1009 4333 si
1031 4265 1223 4356 episcopus,
1242 4266 1270 4334 si

225 4377 402 4459 diaconus,
420 4379 448 4446 si
469 4379 584 4455 vidua.
599 4379 626 4447 si
646 4379 754 4471 virgo,
768 4379 797 4448 si
814 4379 947 4462 doctor,
966 4380 993 4447 si
1012 4379 1120 4448 ctiam
1139 4389 1271 4471 martyr

715 4499 779 4562 aa
