3310 5224
405 477 450 540 54
768 477 801 540 S.
824 475 1121 540 HlPPOLYTI'

463 645 508 727 δ’.
532 645 697 746 Ἴδωμεν,
719 651 768 731 ὡς
793 644 905 743 εἰπον,
928 646 995 748 τὴν
1022 650 1131 728 αι’ποῢ
1158 647 1376 753 ἀνατροιηίν,
1394 647 1457 729 εἰθ

407 772 521 858 οὕτως
538 773 604 874 τήν
622 772 794 874 ἀλήθειαν
811 772 1067 877 διηγησόμεθα.
1103 779 1224 876 Φήσίν
1236 773 1323 878 γὰρ·
1351 778 1458 856 Ἑκο-

406 905 538 985 πίιισεν
557 903 750 1004 Αἰγιπτος,
770 905 829 982 καὶ
854 900 1005 1005 ἐμπόρια
1030 899 1224 1000 Αἰθιόπων,
1242 906 1302 982 καὶ
1326 909 1360 983 οἰ
1379 908 1456 982 Σα-

406 1034 525 1130 βαεὶμ,
550 1031 609 1109 καί
637 1027 685 1109 τοί
707 1028 830 1127 λοιπὰ,
854 1031 913 1108 ἵνα
936 1031 1027 1135 εἴπῃ,
1054 1029 1104 1109 σύ
1125 1028 1197 1132 γὰρ
1226 1031 1246 1108 ὁ
1274 1029 1369 1114 Θεὸς
1395 1037 1459 1109 τοῦ

407 1156 561 1262 Ἰσραὴλ
591 1154 734 1259 Σωτήρ·
769 1159 811 1235 οὐ
839 1165 931 1236 νοῶν
957 1154 1000 1235 τὸ
1026 1156 1292 1259 προειρημένον.
1323 1155 1485 1238 ὁπάταν5

406 1283 478 1389 γάρ
492 1283 702 1385 θελήσωσιν
716 1290 1009 1387 πανουργεῖσθαι,
1024 1281 1282 1387 περικάππονσι
1295 1283 1360 1368 τὰς
1369 1319 1459 1388 γρα-

407 1410 491 1520 φάς.
549 1410 788 1515 Ὀλοκλήρως
807 1408 845 1489 δὲ
863 1409 1006 1507 εἰπάτω,
1024 1413 1082 1489 καί
1097 1409 1239 1514 εὑρήσει
1256 1409 1323 1510 τὴν
1341 1414 1458 1490 αἰτίαν

406 1539 497 1643 πρὸς
514 1539 595 1616 τίνα
613 1536 766 1639 λέγεται.
824 1537 1012 1639 Ἀνωτέρω
1037 1535 1109 1638 γὰρ
1131 1533 1259 1640 μικρὸν
1282 1534 1375 1642 ἀρχὴ
1393 1546 1457 1617 τοῦ

406 1665 606 1772 κεφαλαίου
623 1662 802 1769 τυγχάνει,
821 1663 904 1745 ὅθεν
927 1668 982 1744 δεῖ
1001 1661 1207 1770 ἀρξάμενον
1225 1663 1348 1770 δεῖξαι,
1366 1661 1457 1767 πρὸς

406 1795 486 1873 τίνα
503 1794 603 1894 λε’γει
622 1795 681 1871 καὶ
698 1794 780 1897 περὶ
797 1793 906 1875 τίνος.
933 1791 1069 1871 άνωθεν
1083 1788 1155 1894 γὰρ
1172 1791 1195 1890 ἡ
1214 1789 1307 1896 ἀρχή
1322 1800 1387 1870 τοῦ
1400 1827 1456 1871 κε
1469 1824 1506 1863 ¹0

407 1922 565 2029 φαλαίαν
589 1920 682 1999 τοῦτ’
708 1917 790 2023 ἔχει·
829 1916 1066 2022 Ἐρωτήσατέ
1090 1952 1135 2017 με
1158 1920 1240 2021 περὶ
1267 1923 1340 1996 τῶν
1372 1923 1456 1998 οἰῶν

405 2084 486 2151 μου,
500 2051 559 2128 καί
572 2053 645 2127 τῶν
658 2045 863 2150 θυγατέρων
873 2079 953 2144 μου,
965 2047 1023 2124 καὶ
1034 2052 1106 2125 τῶν
1117 2044 1232 2148 ἔργων
1243 2051 1316 2124 τῶν
1326 2053 1456 2150 χειρῶν

406 2209 477 2276 μου
494 2173 706 2254 ἐντείλασθέ
719 2207 792 2272 μοι.
823 2169 893 2275 ε’γίο
919 2174 1074 2272 ε’ποίησα
1091 2177 1161 2274 γῆν
1184 2173 1244 2251 καὶ
1266 2171 1456 2274 ἄνθρωπον

406 2303 459 2382 ἐπ’
480 2303 598 2400 αὐτῆς.
626 2299 698 2402 ε’γιί)
716 2305 762 2405 τῇ
779 2301 874 2404 χειρί
887 2334 957 2399 μου
981 2300 1186 2404 ἐστερέωσα
1209 2296 1273 2378 τὸν
1291 2297 1452 2402 οὐρανόν.

405 2428 477 2531 ε’γὼ
494 2436 609 2509 πᾶσιν
626 2435 701 2512 τοῖς
718 2428 866 2531 ἄστροις
884 2426 1123 2527 ἐνετειλάμην.
1153 2424 1224 2528 ἐγὼ
1242 2426 1369 2530 ἤγειρα
1386 2429 1450 2506 αὐ-
1468 2465 1501 2526 ¹5

405 2555 629 2665 τὸν,(Ειοίε1ἰι
641 2553 732 2655 μετὰ
743 2554 997 2660 (immanium)
1011 2558 1070 2635 καί
1080 2561 1199 2636 πᾶσαι
1213 2559 1250 2634 αἰ
1260 2556 1335 2634 ὁδοὶ
1347 2556 1455 2635 αὑτοῦ

407 2685 546 2764 εὐθεῖαι.
567 2680 670 2766 οὗτος
684 2679 910 2783 οἰκοδομήσει
927 2682 993 2783 τὴν
1007 2681 1118 2763 πόλιν
1128 2717 1208 2782 μου,
1219 2684 1279 2760 καί
1295 2680 1362 2782 τὴν
1375 2688 1454 2786 αἰχ-

406 2811 600 2912 μαλωσίαν
617 2810 839 2917 ἐπιστρέψει.
860 2811 903 2888 οὐ
915 2807 1006 2908 μετὰ
1016 2809 1169 2913 λύτρων,
1183 2807 1263 2888 οὐδὲ
1275 2806 1366 2908 μετοί
1379 2809 1451 2889 δώ-

405 2972 490 3041 ρων,
518 2933 615 3017 εἰπεν
648 2936 781 3040 Κύριος
813 2935 985 3033 Σαβαῶθ.
1034 2937 1164 3021 Οὕτως
1192 2932 1287 3016 εἶπεν
1321 2935 1454 3040 Κύριος

448 3131 505 3190 IV.
523 3130 692 3198 Videamus.
708 3141 742 3190 ut
762 3131 824 3190 dixi
839 3151 910 3191 eon.
951 3143 1005 3203 est,
1030 3132 1108 3191 unde
1126 3142 1244 3212 oportet
1267 3132 1394 3212 incipere
1414 3131 1451 3190 ad

406 3213 593 3282 futationem,
622 3210 728 3270 deinde
756 3212 908 3271 veritatem
951 3212 1113 3271 docendum
1128 3213 1174 3270 cui
1190 3223 1220 3271 et
1240 3211 1276 3271 de
1295 3233 1353 3290 quo
1370 3213 1450 3270 dicit.

406 3313 598 3372 exponemus.
619 3291 773 3351 Aitenim:
790 3293 908 3351 aLabo-
951 3293 1094 3372 Superius
1114 3293 1191 3352 enim
1208 3293 1383 3372 principium
1404 3313 1451 3350 ca-

406 3372 908 3452 ravitAEyyptus,elmercaturaAE-
950 3373 1030 3450 pitis.
1053 3373 1095 3432 sic
1113 3374 1216 3432 habet:
1270 3375 1452 3450 Inferrogaie

406 3453 541 3531 thiopum,
557 3460 583 3511 et
604 3452 725 3521 Sabain,
741 3463 770 3510 et
785 3472 849 3528 quae
863 3472 908 3510 se-
949 3474 992 3510 me
1008 3453 1044 3510 de
1051 3453 1133 3530 filiis
1150 3453 1219 3512 meis
1235 3463 1261 3512 el
1280 3454 1316 3511 de
1323 3453 1451 3529 filiabus

405 3543 538 3611 quuntur
552 3551 644 3608 usque
662 3530 699 3590 ad
719 3552 786 3589 eum
801 3532 907 3601 locum,
950 3533 1028 3602 meis,
1052 3541 1077 3591 et
1102 3534 1138 3592 de
1161 3535 1294 3611 operibus
1316 3554 1450 3590 manuum

406 3614 456 3672 ubi
474 3612 562 3671 dicit:
589 3611 635 3670 Tu
656 3633 686 3671 es
708 3611 790 3671 Deus
812 3612 911 3670 Israel
949 3633 1075 3671 mearum
1084 3614 1304 3673 mandatemiki.
1320 3611 1450 3692 Egoseci

408 3693 552 3753 Salvator.
577 3690 651 3750 Hoec
664 3691 776 3785 recitet,
789 3712 848 3749 non
862 3692 908 3749 in·
949 3702 1068 3762 terram,
1084 3702 1110 3752 et
1124 3693 1260 3754 hominem
1277 3714 1364 3785 super
1377 3713 1448 3761 eam,

405 3773 541 3851 telligens
550 3770 627 3850 quod
641 3771 722 3852 prius
732 3771 841 3830 dictum
852 3784 907 3832 eet.
949 3793 1000 3848 ego
1013 3795 1098 3832 manu
1118 3795 1179 3831 mea
1194 3778 1313 3853 firmam
1328 3772 1447 3838 coelum;

406 3855 481 3912 Cum
501 3853 578 3912 euim
599 3851 703 3910 volunt
718 3851 861 3911 malitiose
875 3874 909 3912 ae
949 3875 999 3928 ego
1010 3853 1145 3911 mandavi
1155 3855 1256 3924 astris,
1268 3875 1318 3928 ego
1328 3852 1450 3912 excitavi

405 3933 474 3994 dolo
491 3932 569 3991 melo
585 3952 679 4010 egere,
696 3932 908 3992 circumcidunt
949 3955 1021 4004 eum,
1040 3943 1066 3992 el
1087 3955 1181 3992 omnes
1202 3936 1253 3994 οἱα
1273 3938 1337 4014 ejus
1357 3941 1448 3992 recle.

406 4015 580 4093 Scripturas.
618 4013 735 4071 Reeitet
749 4023 847 4071 autem
862 4013 907 4071 in.
951 4013 1450 4091 Hicaedificabitcivitatemmeam,et

404 4105 495 4172 tegre,
507 4105 537 4152 et
551 4093 677 4173 reperiet
691 4113 805 4153 eausam
818 4114 906 4232 ρτήιή-
947 4093 1139 4174 captivitatem
1147 4096 1451 4172 reduceinoncumpre-

404 4173 775 4251 terquamhaecdicuntur.
812 4175 856 4234 Pa
889 4195 907 4233 ο
947 4174 1000 4245 οἱα,
1016 4195 1106 4253 neque
1119 4196 1181 4234 cum
1197 4175 1286 4246 bouis,
1301 4174 1375 4234 dixit
1388 4174 1448 4232 Do-

404 4253 481 4314 enim
497 4272 593 4332 supra,
608 4253 784 4334 principium
802 4255 907 4335 cepitis
948 4255 1042 4314 minue
1053 4255 1188 4315 Sabaoth.
1215 4256 1266 4317 Sic
1274 4253 1450 4315 dieitoomi-

616 4395 761 4448 wale
776 4415 812 4461 ¹4·
1027 4401 1118 4451 bilai.
1132 4400 1182 4450 xlv.¹
1199 4415 1236 4450 ιι.
