3326 5200
419 493 483 561 166
753 493 1133 559 ANNOTATIONES

465 669 501 731 P.
519 669 589 732 118.
606 668 628 730 l.
645 687 693 752 15.
716 668 802 752 apud
824 666 974 751 Paulum]
1003 664 1185 752 Legendum
1208 663 1343 736 videtur,
1369 671 1423 726 aut
1448 684 1469 726 a

421 755 534 819 Paua.
565 753 745 817 Munnronr.

465 841 547 905 lbid.
564 840 584 903 l.
599 858 649 924 23.
667 839 905 904 communitatis
920 838 1036 922 omnis]
1056 837 1132 900 For.
1149 835 1299 899 omnium.

466 926 547 990 lbid.
564 927 585 989 l.
597 945 649 1010 30.
665 947 729 1010 qua
744 932 778 990 et
792 924 904 989 orandi
919 922 1168 988 admonitionem
1178 921 1391 1006 constringat]
1411 919 1470 983 Le

461 1012 559 1075 ndum
584 1011 720 1088 videtur,
748 1033 817 1096 quae
844 1021 872 1075 et
897 1010 1009 1074 oreadi
1034 1008 1249 1074 admonitione
1275 1007 1468 1090 marnae.

437 1106 468 1163 ‘t
488 1105 601 1184 postea
619 1098 687 1182 jam
709 1097 910 1162 Montanista
927 1097 1032 1160 lactus
1051 1094 1276 1171 Tertullianus,
1297 1092 1358 1156 etsi
1372 1092 1469 1168 dicat,

422 1206 547 1270 semper
568 1191 601 1248 et
623 1184 739 1268 ubique
761 1191 794 1248 et
816 1181 900 1247 omni
922 1193 1066 1268 tempore
1088 1181 1252 1256 orandum,
1273 1187 1382 1244 tamen
1403 1184 1470 1241 tres

423 1273 519 1334 horas
544 1271 666 1334 fatetur
691 1291 760 1335 esse
785 1269 986 1354 apostolicas,
1014 1268 1155 1344 tertiam,
1182 1273 1316 1342 sextam,
1343 1285 1469 1340 nonam,

423 1357 522 1421 Ades.
538 1357 700 1441 Psyelieos
715 1377 783 1440 cap.
800 1375 848 1420 10.
863 1355 918 1418 ubi
933 1354 1046 1418 similia
1060 1353 1133 1417 huic
1147 1352 1217 1416 loco
1232 1351 1382 1416 invenias.

469 1443 506 1506 P.
521 1462 591 1525 119.
607 1441 627 1504 l.
638 1461 669 1526 3.
685 1441 837 1526 Exceptis
848 1441 958 1525 utique
968 1439 1117 1526 legitimis
1128 1437 1341 1518 orationibus]
1354 1437 1472 1500 Preces

424 1529 599 1592 matutinas
616 1551 655 1592 ae
674 1527 870 1612 vespertinas
888 1527 957 1613 lege
976 1526 1179 1611 praeseriptas
1199 1525 1258 1588 ait.
1305 1523 1354 1587 De
1374 1521 1412 1586 iis
1426 1521 1470 1584 lo-

425 1616 532 1700 quitur
546 1614 790 1698 (lhrysostomus
806 1612 903 1677 Hom.
919 1633 970 1676 aa.
992 1613 1026 1676 in
1041 1611 1144 1697 Epist.
1161 1611 1203 1674 ad
1219 1610 1320 1674 Hebr.
1338 1608 1422 1673 Vide
1437 1615 1472 1672 et

424 1701 616 1786 cyprianum
638 1722 707 1784 cap.
723 1699 780 1763 ult.
802 1701 842 1764 de
864 1699 968 1776 Orat,
991 1699 1046 1762 ubi
1067 1720 1165 1774 mane,
1191 1706 1219 1760 et
1241 1694 1391 1760 recedente
1413 1693 1472 1757 sela

423 1788 588 1851 messario
616 1787 767 1850 ννονιάινιι
795 1787 850 1850 ait.
884 1785 1067 1848 Munsroru.
1123 1782 1291 1868 Respicere
1317 1780 1471 1845 hocloco

424 1873 654 1938 Tertullianum
684 1873 726 1936 ad
755 1871 891 1936 usitatas
916 1872 1106 1954 hymnorum
1127 1868 1288 1946 formulas,
1319 1889 1412 1930 mane
1438 1873 1473 1930 et

424 1959 545 2044 vesperi
580 1980 600 2022 a
634 1958 793 2023 veteribus
827 1957 1016 2022 Christianis
1044 1957 1205 2034 recitatas,
1240 1955 1471 2028 demonstrant,

424 2044 874 2196 ⁰hPl¹¹⁰lnT⁰lll¹¹¹ia¹¹ilil⁰fbgo
895 2044 991 2194 {ripple
1007 2043 1075 2192 piInt
1097 2064 1168 2106 cum
1192 2040 1387 2190 (zlyyprianicis
1410 2037 1472 2138 eol-

424 2136 1474 2301 ..t’1fl.⁰⁰t.ttt.·.t.t.t?‘¹a...ttltt..1.ttlttl..tt

423 2307 537 2366 auctor
562 2322 667 2386 supra,
691 2303 739 2366 cet
752 2302 862 2386 ptimo
882 2302 987 2366 saltem
1008 2302 1151 2377 oratiam,
1173 2321 1235 2385 qua
1258 2299 1353 2363 lacem
1372 2298 1473 2382 inpre-

424 2389 540 2451 dimur.
561 2409 630 2472 cap.
647 2406 696 2472 23.
729 2387 946 2472 Chrysostomi
961 2387 1058 2451 verba
1072 2388 1280 2452 sunt-otras
1295 2385 1475 2467 εὐχομένους

424 2477 500 2554 μετὰ
514 2475 686 2553 προθυμίας.
711 2475 890 2552 citissimis
910 2473 986 2537 εἶναι
1005 2475 1156 2553 βούλομαι
1177 2473 1233 2545 tel,
1251 2475 1277 2535 εἰ
1299 2474 1331 2535 δὲ
1353 2469 1393 2550 μὴ
1415 2471 1472 2540 ἀεὶ,

427 2558 481 2643 κᾷν
499 2559 658 2626 πλεονάκις
669 2588 677 2632 ;
702 2562 729 2622 εἰ
748 2561 781 2622 δὲ
802 2560 842 2640 μὴ
861 2560 1030 2633 πλεονάκις,
1047 2557 1103 2643 κᾷν
1122 2557 1266 2641 ὀλιγάκις,
1287 2555 1342 2640 κᾷν
1362 2558 1396 2618 ἐν
1410 2561 1475 2622 τοῖς

427 2647 572 2718 εῶθιναΐς,
587 2642 641 2727 κᾷν
658 2647 691 2708 ἐν
706 2651 770 2711 ταῖς
782 2647 961 2726 ἑσπερινοῖς.

471 2730 552 2794 Ibid.
569 2731 589 2792 l.
603 2751 635 2810 4.
657 2731 768 2795 Sedet
788 2731 892 2794 eibum
913 2753 977 2794 non
996 2730 1084 2816 prius
1099 2729 1237 2816 sumere]
1260 2726 1474 2792 Tertullianus

425 2816 617 2901 Apohpetieo
631 2839 700 2901 cap.
717 2836 769 2901 39.
796 2819 870 2881 Noa
878 2818 972 2902 petas
985 2815 1194 2893 disematitur,
1209 2837 1300 2900 qaam
1320 2815 1416 2877 oratio
1430 2813 1477 2876 ad

426 2903 527 2967 Dema
535 2913 747 2988 prospectatur.

472 2989 552 3052 Ibid.
580 2989 599 3052 l.
615 3009 665 3052 10.
694 2988 823 3066 Vidisti,
855 2989 967 3074 inquit,
997 2988 1139 3065 fratrem,
1170 2987 1274 3050 vidisti
1302 2986 1474 3049 Dominum

426 3083 535 3139 tuum:
557 3076 694 3139 maxime
708 3076 871 3152 advenam,
889 3097 928 3138 ne
942 3073 1073 3160 angelus
1084 3075 1167 3138 forte
1178 3070 1236 3158 sit]
1254 3071 1335 3136 Haee
1347 3093 1365 3136 e
1376 3070 1475 3135 sacris

427 3161 592 3246 scripturis
607 3162 699 3226 citari
714 3162 878 3226 videntur:
896 3161 999 3225 locum
1011 3182 1085 3223 vero
1096 3160 1226 3223 innuere
1237 3159 1350 3222 neseio.
1381 3157 1475 3238 Quod

427 3255 527 3331 patet,
544 3247 673 3332 respicit
684 3249 725 3311 ad
741 3270 811 3332 cap.
821 3247 887 3311 xiii.
904 3270 934 3310 n.
951 3266 968 3310 2
983 3246 1085 3330 Epist.
1101 3247 1143 3310 ad
1156 3246 1321 3322 Hebraeos,
1333 3244 1387 3308 ubi
1399 3265 1474 3392 apo

428 3333 528 3397 stolus
554 3333 804 3418 hospitalitatem
831 3332 1055 3397 commendans
1080 3332 1136 3409 ait,
1162 3331 1323 3395 interdum
1345 3353 1426 3416 ange
1439 3352 1475 3392 os

428 3418 566 3503 hospitio
587 3419 694 3504 recipi.
740 3421 822 3483 Sunt
845 3420 913 3504 ejus
931 3418 1044 3482 verba:
1068 3420 1113 3482 Et
1132 3417 1366 3504 hospitalitatem
1384 3415 1476 3479 rwlite

427 3505 571 3580 obliuisci,
588 3528 649 3590 per
662 3506 740 3568 haee
760 3506 840 3569 eaim
862 3505 1015 3568 latuerunt
1038 3505 1235 3653 (Πνίοοιοονννιι
1260 3503 1380 3567 habent
1404 3501 1474 3582 alii)

428 3591 564 3676 quidam,
579 3591 695 3675 sepelis
708 3592 834 3677 hospitio
848 3592 981 3675 receptis.
1012 3591 1043 3653 A
1069 3591 1138 3655 udit
1152 3599 1259 3654 autem
1279 3590 1321 3653 ad
1335 3587 1474 3675 angelos,

429 3677 482 3761 qui
497 3700 531 3741 se
546 3677 687 3762 hospites
701 3677 888 3741 Abrahamo
902 3687 936 3741 et
952 3677 1015 3741 Lot
1030 3677 1222 3742 obtulerunt.
1254 3674 1339 3738 Hine
1351 3675 1384 3739 S.
1397 3675 1475 3737 Am-

429 3765 553 3827 brosius
579 3763 610 3826 in
634 3762 687 3826 lib.
714 3763 756 3827 do
776 3763 953 3827 Abraham.
977 3785 1046 3848 cap.
1059 3781 1089 3847 5.
1116 3763 1189 3841 Qaei
1207 3762 1274 3838 seis,
1298 3761 1410 3846 inquit,
1433 3781 1476 3824 an

429 3851 530 3913 Deum
548 3849 706 3934 insciciae,
723 3871 809 3934 quem
827 3849 968 3934 hospitem
984 3851 1105 3934 putas?
1128 3847 1287 3912 Atratum
1300 3847 1374 3910 dam
1387 3869 1476 3932 pere-

426 3935 621 4020 primatibus
634 3935 732 4020 desiset
744 3936 914 4020 hospitium,
931 3936 1032 3998 Deam
1046 3945 1135 4020 etque
1149 3934 1267 4018 ampelos
1276 3934 1338 4016 aas
1348 3932 1477 4018 suscepit

428 4021 564 4108 bospitio.
605 4021 750 4101 Quamvis
763 4031 791 4086 et
810 4043 902 4107 qaum
919 4020 1062 4106 hospitem
1079 4021 1216 4105 suscipis,
1231 4020 1331 4084 Deum
1346 4019 1477 4103 anapia

431 4111 488 4172 dre.
520 4108 608 4172 Idem
623 4107 665 4172 ab
685 4130 723 4172 eo
742 4108 900 4194 repetitur
918 4107 971 4171 lib.
985 4107 1029 4170 ΙΙ.
1046 4129 1113 4191 cap.
1128 4125 1178 4168 οι.
1194 4107 1234 4169 de
1255 4105 1382 4170 Officiis.
1427 4104 1475 4168 At

430 4193 462 4257 in
484 4194 587 4258 verbis
607 4194 792 4259 Tertulliani
813 4193 933 4278 aliquid
952 4193 1087 4258 fortasse
1107 4192 1315 4256 desideratur.
1363 4191 1475 4254 Mum-

430 4303 508 4342 rom.
542 4280 711 4345 Conferet
730 4282 825 4344 Mctt.
841 4303 873 4344 x.
889 4301 943 4356 40.
982 4280 1046 4344 Sed
1064 4279 1115 4343 hic
1135 4278 1240 4342 afferri
1260 4285 1374 4342 auctor
1393 4275 1475 4360 quis

430 4365 515 4450 pianr
530 4365 664 4430 videtur.
703 4367 844 4430 Mueime
862 4366 1020 4443 udaeam,
1043 4388 1084 4429 an
1107 4365 1311 4451 significatur,
1337 4370 1370 4427 et
1392 4362 1475 4447 quod

430 4451 603 4516 maximum
626 4459 685 4526 est,
708 4453 872 4530 advenam,
895 4460 992 4538 atque
1011 4453 1092 4515 adeo
1114 4451 1215 4537 magis
1237 4449 1476 4514 honorandum!
