3294 5192
406 461 472 524 ³82
818 457 1038 524 CANONES

436 630 447 661 t
541 631 553 660 ἱ
603 630 615 659 ἱ

409 637 447 713 δε
466 666 558 713 κατα
574 665 640 733 την
662 628 767 738 τάξιν
783 627 850 730 τὴν
874 630 1104 736 εὐχαριστίαν
1121 628 1212 728 μετὰ
1235 630 1320 716 τοὺς
1335 665 1454 738 πρεσ-

407 757 639 866 βυτίρους,ἢ
676 767 741 839 τοῦ
767 758 966 840 ἐπισκόπου
996 756 1154 844 διδόντος
1178 758 1358 860 αι’ντοῖς,ἢ
1390 771 1456 842 τοῦ
1494 815 1497 820 -

406 887 663 993 πρεσβυτέρου·
700 884 802 966 ἀλλὰ
833 884 921 985 μηδὲ
955 891 1136 987 καθῆσθαι
1172 890 1211 966 ἐν
1246 886 1348 996 μεῖνιρ
1384 893 1458 968 τοῖν

408 1015 665 1119 πρεσβυτέρων
674 1012 810 1122 ἐξέστω
828 1021 902 1098 τοῖς
920 1011 1105 1098 διακόνοις·
1124 1012 1225 1118 παρὰ
1243 1012 1375 1094 κανόνα
1384 1012 1457 1119 γὰρ

408 1146 467 1224 καὶ
484 1141 585 1248 παρὰ
602 1140 647 1223 τ’
672 1177 705 1223 ιν
723 1143 802 1222 ἐστὶ
819 1141 861 1222 τὸ
879 1139 1077 1244 γινόμενον.
1108 1147 1138 1222 εί
1163 1142 1206 1221 δέ
1218 1175 1272 1227 τις
1289 1139 1339 1242 μὴ
1358 1143 1487 1225 θέλοι5

407 1277 611 1377 πειθαρχεῖν
637 1274 695 1350 καὶ
723 1267 813 1369 μετὰ
839 1268 986 1354 τούτους
1013 1268 1095 1355 τοὺς
1122 1269 1235 1374 ὅρους,
1257 1269 1457 1352 πεπαόσθω

408 1403 473 1499 τῆς
491 1400 680 1483 διακονίας.

787 1538 991 1614 ΚΑΝΩΝ
1021 1538 1089 1613 ΙΘ.

466 1699 557 1799 Περὶ
592 1702 665 1775 τῶν
693 1691 1030 1792 Παυλιανισοίντων,
1057 1689 1134 1773 εἶτα
1168 1691 1460 1800 προσφυγόντων

409 1830 454 1930 τῇ
482 1827 656 1927 καθολικῇ
684 1823 870 1928 ἐκκλησίᾳ,
898 1819 981 1924 όρος
1006 1821 1194 1902 ε’κτέθειται
1220 1817 1456 1922 ἀνοβαπτίζέ·
1474 1863 1513 1902 ιο

409 1959 498 2033 σθαι
517 1949 642 2035 αὐτοὺς
661 1948 872 2057 ε’ξόπαντος.
903 1955 933 2028 εῖ
958 1949 1002 2028 δέ
1014 1982 1107 2035 τινες
1124 1951 1162 2029 ἐν
1179 1953 1230 2055 τῷ
1247 1958 1457 2052 παρεληλυ-

410 2077 489 2161 θότι
506 2077 625 2187 χρόνῳ
648 2081 686 2158 ε’ν
704 2083 755 2185 τῷ
778 2075 900 2183 κλήρῳ
926 2075 1194 2182 ἐξητάσθησαν,
1212 2082 1242 2154 εῖ
1258 2074 1324 2173 μὲν
1342 2076 1457 2175 ἅμεμ-

409 2241 493 2288 πτοι
515 2209 574 2286 καὶ
596 2207 831 2307 ἀνεπίληπτοι
857 2209 1016 2310 φανεῖεν,
1037 2201 1365 2298 ἀναβαπτισθὲντες
1389 2237 1462 2308 χει-

410 2335 701 2438 ροτονείσθωσαν
737 2329 807 2412 ὑπὸ
844 2339 908 2410 τοῦ
943 2335 1007 2431 τῆς
1040 2333 1233 2428 καθολικῆς
1268 2329 1461 2429 ἐκκλησίας

410 2458 619 2541 ἐπισκόπου.
660 2465 688 2538 εί
717 2457 755 2538 δὲ
781 2495 804 2558 η
836 2456 1021 2562 ἀνάκρισις
1049 2457 1309 2557 ἀνεπιτηδείους
1335 2455 1462 2541 αὐτοῦς
1475 2499 1483 2538 ι
1490 2497 1508 2556 5

411 2586 579 2690 εὑρίσκοι,
617 2591 863 2689 καθαιρεῖσθαι
895 2583 1022 2669 αι’ντοῖνς
1058 2581 1246 2689 προσήκει.
1289 2585 1461 2670 ὡσαύτως

412 2713 449 2794 δὲ
474 2717 533 2795 καὶ
559 2717 640 2818 περὶ
664 2719 736 2793 τῶν
762 2717 1012 2811 διακονισσῶν,
1031 2715 1090 2792 καὶ
1116 2711 1211 2796 ὅλως
1227 2714 1309 2816 περὶ
1325 2719 1398 2791 τῶν
1424 2713 1462 2790 ε’ν

412 2847 464 2950 τῷ
482 2841 604 2922 κανόνι
630 2840 888 2947 ἐξεταζομένων
913 2842 932 2920 ὁ
960 2839 1066 2924 αὐτὸς
1084 2839 1196 2923 τόπος
1219 2845 1462 2946 παραφυλαχ-

412 2967 573 3069 θῆσεται.
606 2967 834 3069 ἐμνήσθημεν
858 2966 896 3048 δὲ
914 2973 986 3047 τῶν
1005 2971 1247 3047 διακονισσῶν
1264 2973 1337 3046 τῶν
1355 2969 1393 3046 ἐν
1411 2972 1463 3074 τῷ

412 3095 574 3203 σχήματι
601 3096 877 3204 ἐξετασθεισῶν,
904 3097 980 3175 ἐπεὶ
1006 3094 1095 3195 μηδὲ
1131 3094 1356 3199 χειροθεσίαν
1384 3091 1511 3186 τιναῆ,

413 3297 555 3356 ordinem.
571 3295 723 3374 Ergopost
735 3296 918 3375 presbyteros
959 3293 1054 3352 finitio
1062 3295 1176 3373 prolato
1186 3303 1246 3364 θοις
1264 3305 1298 3352 ut
1312 3295 1463 3375 baptizen-

413 3378 535 3456 gratinm
548 3397 634 3436 sacre
649 3377 860 3436 communionis
871 3395 916 3433 sc·
959 3385 1008 3433 tur
1022 3373 1205 3433 omnimodis.
1249 3375 1281 3433 Si
1296 3376 1347 3453 qui
1364 3387 1462 3435 sutem

414 3459 524 3537 cipiunt
538 3469 589 3516 sut
603 3458 751 3536 episcopo,
766 3467 818 3515 out
837 3476 918 3536 pres·
959 3454 996 3514 de
1016 3455 1062 3514 his
1082 3455 1231 3534 preterito
1251 3466 1383 3536 tempore
1396 3457 1461 3515 fue·

414 3539 517 3616 bytero
529 3539 705 3616 porrigente.
732 3536 791 3594 Sed
805 3557 859 3596 nec
873 3557 917 3594 se·
959 3536 1019 3594 rint
1040 3535 1070 3593 iu
1091 3534 1179 3600 clero.
1197 3534 1339 3613 siquidem
1362 3537 1464 3594 imma.

414 3618 483 3678 dere
504 3621 535 3676 in
559 3619 656 3677 medio
683 3617 917 3697 presbyterorum
959 3615 1048 3674 culnti
1063 3627 1094 3675 et
1114 3615 1394 3695 inreprehensibiles
1412 3637 1464 3696 np-

402 3697 545 3766 ¹disoonis
555 3697 657 3768 lioeet;
678 3699 746 3775 quin
757 3698 781 3756 si
792 3699 847 3756 hoo
858 3699 917 3763 fist,
960 3696 1118 3776 paruerint,
1133 3696 1274 3776 baptizoti
1292 3697 1464 3756 ordinentur

415 3789 520 3858 preter
561 3779 689 3858 regulam
727 3789 758 3837 et
788 3779 918 3836 ordinem
960 3777 1146 3855 abepiscopo
1164 3776 1292 3836 ecclesio
1307 3776 1463 3844 ostholioae.

415 3861 555 3938 probatur
576 3859 711 3918 existere.
754 3859 854 3936 Siquis
868 3879 918 3917 au·
960 3855 1040 3934 quod
1067 3857 1091 3914 si
1119 3856 1260 3915 discussio
1291 3857 1465 3936 inoongruos

416 3951 475 3998 tem
491 3941 579 3998 etiarn
614 3951 660 4000 ost
674 3940 725 3998 hos
736 3939 920 3998 definitiones
961 3957 1011 3996 eos
1031 3937 1185 4005 invenerit,
1199 3937 1285 4015 abjici
1305 3936 1378 3998 tales
1395 3958 1463 3996 oon·

416 4020 534 4079 obedire
556 3961 694 4087 noiuerit
718 4041 735 4080 a
758 4018 921 4079 ministerio
962 4017 1068 4076 veniet.
1111 4017 1253 4076 Similiter
1269 4028 1367 4078 eutem
1383 4018 1465 4077 etde

416 4119 526 4160 cessare
541 4099 667 4160 debebit.
962 4097 1139 4167 diaconissis,
1161 4109 1192 4156 et
1212 4099 1331 4156 omnino
1352 4099 1389 4156 de
1408 4099 1464 4164 his,

541 4227 693 4290 σοι

460 4333 506 4392 De
522 4333 710 4394 paulianistis
720 4335 757 4394 nd
771 4335 920 4396 ecclesiam
962 4350 1059 4398 nutem
1087 4339 1124 4397 de
1145 4338 1323 4406 diaconissis,
1345 4359 1409 4417 qus·
1434 4339 1465 4396 in

418 4413 589 4474 ootholioom
614 4416 850 4494 confugientibus
870 4417 919 4476 de·
962 4419 1064 4480 eodem
1089 4419 1191 4478 habitu
1212 4439 1275 4479 esse
1295 4421 1465 4498 probentur,
