3316 5198
301 493 305 500 -
408 445 472 512 154
760 444 1104 510 'l'ERTULLlANI

407 631 444 693 et
470 622 573 714 primi
604 631 712 692 etex
736 621 842 712 ipsis;
868 642 975 712 quam
995 618 1075 692 illos
1102 641 1174 690 nou
1200 618 1371 702 intulisse,
1393 621 1454 711 qui

407 747 491 809 sunt
511 747 549 808 et
569 737 701 830 posteri
726 746 765 808 et
785 737 933 808 adversi.
983 735 1090 806 Alius
1119 757 1229 806 manu
1251 737 1453 828 scripturas,

407 855 497 928 alius
524 876 646 926 sensus
675 855 896 946 expositione
923 853 1133 923 intervertit.
1197 849 1328 943 Neque
1358 853 1454 924 enim

277 954 282 965 ¹
408 973 436 1044 si
463 970 678 1044 Valentinus
703 971 841 1063 integro
868 970 1105 1040 instrumento
1133 970 1187 1039 uti
1210 969 1360 1051 videtur,
1382 991 1455 1040 non

408 1086 587 1160 callidiore
628 1087 780 1180 ingenio,
815 1107 921 1177 quam
957 1084 1132 1169 Marcion,
1164 1107 1290 1157 manus
1332 1083 1481 1158 intulitt

412 1203 564 1276 veritati.
584 1201 748 1274 Marcion
760 1203 856 1272 enim
871 1211 994 1272 exerte
1004 1210 1043 1272 et
1055 1200 1173 1292 palam
1184 1202 1368 1284 machara,
1382 1224 1454 1272 non

408 1319 501 1412 stylo
517 1341 602 1390 usus
623 1327 697 1390 est:
724 1317 890 1409 quoniam
916 1317 961 1386 ad
986 1319 1172 1388 materiam
1195 1339 1296 1388 suam
1322 1317 1454 1388 cadem

409 1439 659 1529 scripturarum
685 1435 849 1506 confecit.
901 1431 1116 1504 Valentinus
1133 1441 1254 1505 autem
1275 1436 1454 1526 pepercit:

409 1553 575 1643 quoniam
600 1575 670 1622 nou
696 1551 741 1622 ad
766 1551 952 1622 materiam
975 1551 1172 1641 scriptmns,
1191 1551 1252 1621 sed
1269 1551 1455 1622 materiam

408 1670 453 1739 ad
484 1669 671 1761 scripturas
696 1667 941 1761 excogitavit3
979 1674 1017 1736 et
1047 1675 1168 1737 tamen
1195 1667 1275 1760 plus
1308 1667 1455 1739 abstulit
1469 1691 1504 1732 ιο

409 1793 446 1856 et
482 1784 561 1878 plus
599 1785 739 1876 adjecit,
777 1783 939 1854 auferens
970 1783 1202 1874 proprietates
1236 1783 1456 1878 singrdorum

408 1924 549 1994 quoque
585 1900 783 1982 verborum,
812 1907 851 1970 et
890 1899 1058 1991 adjiciens
1097 1897 1343 1990 dispositiones
1384 1923 1456 1970 uon

408 2019 688 2111 comparentium
705 2039 833 2088 rerum.

282 2134 366 2183 W·
461 2133 554 2204 Haec
583 2140 666 2204 sunt
691 2133 833 2225 ingenia
860 2131 905 2202 de
934 2129 1149 2223 spiritalibus
1175 2134 1351 2224 nequitiae,
1372 2157 1455 2204 cum

246 2199 384 2328 lablelli
412 2250 539 2340 quibus
572 2248 721 2320 luctatio
751 2259 806 2318 est
835 2246 946 2328 uobis,
974 2245 1108 2332 fratres,
1135 2253 1264 2324 meritc
1298 2260 1503 2330 contem-15

249 2329 374 2379 ὀπὴ
412 2364 563 2458 planda3
588 2366 671 2436 fidei
696 2366 899 2446 necessaria,
919 2374 962 2435 ut
986 2365 1093 2436 electi
1113 2367 1393 2451 manifestentur,
1415 2377 1456 2438 ut

409 2481 548 2573 reprobi
583 2481 805 2574 detegantur.
868 2479 916 2550 Et
949 2485 1030 2554 idco
1063 2483 1197 2554 habeut
1231 2484 1314 2567 vim,
1348 2493 1386 2554 et
1419 2485 1457 2555 in

408 2596 651 2690 excogitandis
668 2595 950 2688 instruendisque
968 2601 1142 2672 erroribus
1159 2600 1368 2672 felicitatem
1384 2623 1457 2672 non

409 2713 499 2784 adeo
527 2712 734 2794 mirandam,
756 2715 854 2805 quasi
881 2714 1070 2798 difficilem,
1088 2725 1125 2787 et
1145 2716 1456 2811 inexplicabilem

410 2851 493 2900 cunr
531 2829 577 2900 de
611 2829 826 2902 secularibus
859 2854 999 2924 quoque
1033 2833 1213 2925 scripturis
1251 2832 1506 2926 exemplumao

409 2952 540 3035 praestc
568 2946 614 3017 sit
641 2947 814 3039 ejusmodi
843 2947 1046 3032 facilitatis3
1081 2971 1153 3041 quc
1175 2950 1236 3041 jus
1266 2945 1358 3043 (scr.
1387 2971 1457 3041 quc

410 3060 518 3130 vides.
549 3084 639 3132 mas.
673 3063 804 3152 notam)
840 3063 946 3136 hodie
979 3087 1025 3136 ex
1056 3064 1209 3159 Virgilio
1238 3064 1395 3136 fabulam
1419 3066 1457 3134 in

411 3183 529 3248 totum
557 3175 664 3248 aliam
707 3180 881 3271 componi,
915 3183 1064 3253 materia
1098 3182 1293 3252 secundum
1327 3201 1456 3262 versus,

411 3291 569 3362 versibus
594 3295 789 3365 secundum
815 3297 999 3367 materiam
1021 3298 1249 3368 concinnatis.
1293 3296 1458 3390 Denique

412 3405 583 3478 Hosidius
600 3407 696 3480 Geta
713 3408 884 3482 Medeam
910 3413 1117 3507 tragoediam
1143 3435 1190 3483 ex
1208 3411 1361 3507 Virgilio
1383 3409 1505 3504 ple-25

411 3523 553 3593 nissime
570 3526 723 3594 exsuxit.
750 3524 859 3596 Meus
876 3528 1020 3619 quidam
1036 3529 1252 3622 propinquus
1268 3551 1315 3600 ex
1332 3527 1458 3599 eodem

411 3640 517 3731 poeta
543 3640 637 3710 inter
665 3648 784 3711 cetera
814 3641 895 3734 styli
929 3645 983 3713 sui
1017 3646 1091 3715 otia
1117 3644 1285 3716 Pinacem
1315 3643 1460 3715 Cebetis

413 3753 595 3847 explicuit.
651 3755 996 3830 Homero-centonas
1030 3763 1138 3832 etiam
1173 3781 1299 3832 vocare
1332 3760 1458 3844 solent,

412 3873 472 3963 qui
490 3872 535 3942 de
552 3873 766 3944 carminibus
784 3873 933 3945 Homeri
958 3879 1099 3970 propria
1122 3899 1229 3971 opera
1253 3899 1352 3949 more
1377 3897 1460 3948 cen-

411 3990 548 4060 tonario
582 4013 629 4060 ex
662 3990 784 4061 multis
817 3990 901 4061 hinc
934 3992 1017 4064 inde
1050 3995 1254 4088 compositis
1282 3996 1320 4064 in
1346 4013 1509 4071 uuum³0
1650 3987 1651 3998 ἶ

415 4107 569 4176 sarciunt
592 4129 728 4201 corpus.
780 4107 829 4178 Et
853 4109 977 4201 utique
1002 4110 1198 4182 foecundior
1222 4113 1341 4183 divina
1363 4111 1460 4184 litte-

416 4229 534 4293 ratura
567 4225 611 4293 ad
646 4224 852 4297 facultatem
887 4230 1126 4321 cujuscunque
1156 4233 1325 4302 materia.
1379 4229 1459 4301 Nec

414 4340 595 4430 periclitor
611 4343 737 4425 dicere,
756 4345 847 4436 ipsas
864 4363 1004 4436 quoque
1030 4342 1218 4434 scripturas
1243 4343 1293 4414 sic
1314 4365 1391 4414 esse
1414 4365 1460 4412 ex
