3314 5190
403 383 471 450 346
745 391 1125 456 ANNOTATIONES

409 565 524 643 utpote
549 568 666 640 certus,
689 585 744 627 ecs
765 563 971 628 accersitione
992 561 1099 626 divine
1121 560 1161 624 de
1182 559 1289 624 seculo
1309 559 1466 624 liberatos

410 644 489 709 lore.
528 645 604 710 Vid.
626 647 722 732 poulo
746 649 850 722 inlre;
885 656 919 714 et
937 649 1006 748 jem
1028 669 1125 732 supra
1147 645 1208 710 sub
1231 645 1357 711 initium
1385 647 1415 728 ξ.
1433 664 1465 708 2.

411 731 522 808 bobes,
538 733 643 798 Laetce
657 735 759 820 doque
772 735 809 798 do
822 745 913 798 morto
926 756 997 818 jam
1011 734 1168 818 moieno,
1184 741 1212 796 ot
1233 731 1273 796 de
1288 731 1392 795 vicine
1412 752 1467 794 ac-

412 817 583 882 cersitione
598 841 737 884 securus.
782 819 852 883 lmo
866 819 1025 905 geminum
1047 818 1134 882 istud
1156 819 1219 881 line
1238 816 1335 881 libelli
1350 823 1466 880 extet:

413 902 491 966 June
510 904 548 968 do
565 926 623 969 suo
645 905 870 970 ioconootalitatc
887 904 1117 980 commodine
1132 905 1171 968 dc
1187 912 1290 966 nostro
1309 901 1469 966 incolomi-

414 997 475 1052 tate
489 989 629 1054 sollicito.
674 990 722 1055 At
736 1012 811 1055 vero
830 990 938 1054 Fellus
955 991 998 1054 ed
1014 989 1120 1065 verbe,
1136 989 1173 1052 dc
1187 989 1393 1073 persecutione
1410 985 1469 1050 sol·

415 1073 518 1152 lico‘tis,
534 1076 571 1140 dc
591 1077 782 1140 accersitione
797 1077 918 1154 secure,
933 1076 994 1140 boc
1015 1074 1193 1151 adnotavit,
1211 1081 1230 1110 “
1241 1073 1393 1158 Martyrii
1415 1093 1468 1136 co-

419 1168 439 1195 “
454 1182 567 1260 renem
578 1162 747 1260 refugiunt.
760 1161 903 1226 coelestie
916 1161 1034 1246 gaudie
1048 1182 1113 1224 nou
1126 1160 1309 1244 expetunt?
1347 1158 1470 1222 Utrum

416 1267 526 1324 mune,
542 1269 609 1311 econ
631 1269 658 1312 e.

463 1332 501 1395 P.
513 1333 584 1415 289.
596 1270 674 1416 lpr5.
687 1331 798 1396 didicit
810 1332 906 1395 immo
914 1329 1167 1416 remanentibus]
1181 1329 1263 1393 Fide
1274 1329 1368 1392 nixus
1378 1327 1470 1392 Msoi

418 1416 618 1482 'Pen'utemni
639 1417 837 1502 aliorumque
863 1415 1102 1501 quatuordeeim
1124 1415 1157 1477 in
1178 1415 1256 1478 edit.
1272 1415 1375 1479 Oxou.
1405 1435 1471 1477 me-

418 1514 626 1580 moratorum,
647 1503 681 1566 in
702 1503 816 1587 quibus
837 1509 913 1566 eunt
930 1501 994 1564 duo
1011 1501 1055 1564 illi
1076 1501 1159 1565 Novi
1180 1499 1311 1585 Oollegii
1333 1499 1469 1576 codices,

419 1595 581 1653 tractatus
602 1610 711 1652 omnes
734 1588 883 1673 Cypriani
903 1587 1111 1664 continentes,
1134 1607 1308 1670 pronomen
1328 1584 1412 1650 note
1434 1585 1470 1650 in

419 1675 544 1739 excusis
558 1673 705 1738 additum
719 1681 796 1738 ente
810 1671 1040 1746 retransmitte,
1053 1672 1109 1736 sed
1123 1671 1338 1735 obscuriorem
1349 1671 1470 1735 inciens

420 1781 606 1838 sermonem,
623 1759 771 1845 expunxi.
811 1759 902 1822 Idem
916 1758 1018 1822 nescit
1034 1757 1106 1820 MS.
1123 1764 1178 1822 uto
1217 1757 1460 1820 ueDruriunus.

465 1845 503 1910 P.
518 1865 589 1931 290.
612 1845 632 1908 l.
646 1864 678 1944 3.
703 1843 869 1929 Improbat
884 1843 1019 1927 denique
1033 1842 1197 1927 apostolus
1241 1842 1349 1925 aulus]
1374 1841 1470 1906 Hane

421 1931 562 1994 omnium
577 1931 752 1995 editronum
766 1929 932 1994 lectionem
944 1928 1092 1992 Buluzius
1106 1928 1211 1992 nescio
1227 1949 1326 2011 quere
1340 1948 1412 1991 cum
1426 1927 1471 1991 al-

421 2023 494 2080 tere
508 2017 647 2102 increpet
666 2015 882 2081 eommutavit.
928 2013 968 2076 In
982 2014 1059 2078 edit.
1075 2014 1179 2078 Oxou.
1194 2035 1275 2097 qum,
1290 2012 1413 2097 pariter
1431 2035 1470 2078 ee

422 2108 557 2178 caetorae,
582 2107 717 2186 praestet
738 2099 895 2186 inprobat,
917 2099 981 2162 duo
1001 2106 1130 2163 tentum
1153 2099 1277 2172 codices
1296 2119 1472 2162 memoren-

421 2193 485 2263 tur,
502 2186 536 2249 in
558 2186 673 2270 quibus
691 2193 782 2250 extat
800 2185 930 2250 verbum
950 2185 1109 2270 increpem
1133 2205 1242 2248 verum
1264 2183 1383 2248 ibidem
1404 2184 1472 2247 sine

423 2293 520 2335 ceusu
557 2278 748 2335 annotatum
783 2281 843 2347 est,
882 2279 901 2306 “
918 2270 1017 2334 Forte
1055 2269 1222 2354 legendum
1256 2269 1471 2354 coprem?

424 2355 527 2419 Porro
551 2362 684 2419 tuentur
704 2355 871 2420 lectionem
896 2353 1046 2441 improbat
1068 2355 1192 2419 codices
1213 2355 1333 2439 scripti,
1357 2353 1472 2439 quibus

421 2447 505 2515 utor,
521 2461 639 2506 omnes.

468 2525 582 2590 lbid.l.
596 2527 646 2588 28.
672 2525 750 2606 Quin
770 2547 834 2589 uon
848 2527 890 2589 ud
912 2526 1043 2590 meliore
1061 2524 1191 2590 festinet
1199 2524 1225 2611 l]
1254 2524 1400 2590 Positum
1421 2531 1472 2589 est

423 2609 455 2673 iu
470 2617 623 2674 contextu
638 2609 821 2686 Buluzieno‚
841 2611 915 2690 Quis
928 2633 987 2675 non
1005 2612 1050 2674 ad
1063 2611 1186 2674 mcliom
1201 2611 1307 2675 venire
1320 2611 1471 2694 festinet?

424 2695 504 2761 Oum
519 2717 593 2759 vero
604 2697 733 2759 verbum
749 2697 850 2760 contro
864 2697 984 2761 frustra
998 2697 1202 2780 quaerendum
1216 2696 1259 2761 eit
1274 2696 1322 2760 vel
1337 2695 1473 2760 inlibris

423 2781 528 2858 editis,
545 2780 591 2846 vol
608 2779 734 2866 scriptis
748 2780 809 2846 illis
829 2782 943 2866 quibus
963 2804 1038 2847 usus
1053 2803 1132 2858 sum,
1148 2781 1225 2845 illud
1245 2782 1413 2845 delendum
1428 2779 1472 2842 vi-

424 2868 528 2932 detur.
573 2865 667 2930 Addo
688 2866 773 2949 quod
794 2889 895 2952 neque
916 2868 1085 2942 Pumelius‚
1101 2889 1203 2951 neque
1221 2867 1327 2931 Vuriae
1348 2865 1472 2930 Lectio-

425 2975 482 3016 nee
496 2953 528 3015 iu
544 2952 621 3017 edit.
637 2952 739 3016 Oxon.
755 2953 867 3038 positae
890 2953 958 3036 ejus
977 2951 1170 3016 mentionem
1189 2953 1320 3016 fuciunt.
1366 2951 1420 3015 lta
1439 2958 1473 3015 et

423 3037 567 3126 proxime
581 3045 655 3125 post
666 3039 706 3100 ob
718 3039 851 3102 eandem
862 3059 989 3102 eausam
1000 3038 1165 3121 reflorescant
1173 3059 1231 3122 pro
1245 3037 1472 3122 trooosonnori,

426 3124 510 3208 quod
526 3131 617 3188 extet
632 3123 664 3185 in
680 3122 850 3186 Baluziano
864 3131 967 3200 textu,
983 3123 1133 3186 reducere
1148 3123 1249 3186 visum
1264 3130 1323 3187 est.

469 3209 507 3271 P.
519 3227 590 3290 291.
606 3208 626 3270 l.
641 3227 688 3272 12.
701 3210 872 3272 secundum
888 3208 982 3271 fidem
998 3209 1075 3292 veri]
1095 3205 1177 3272 Haee
1191 3209 1295 3284 lectio,
1308 3229 1404 3292 quum
1418 3229 1473 3271 ex·

426 3292 538 3357 hibent
559 3293 704 3356 undecim
727 3294 927 3379 exemplario,
943 3293 975 3357 in
991 3294 1104 3378 quibus
1124 3315 1207 3378 pono
1223 3293 1471 3379 Seguierieuum,

425 3385 474 3442 est
489 3377 619 3463 optima.
659 3379 699 3440 In
715 3379 838 3442 duobus
853 3378 923 3443 eliis
937 3379 1091 3463 seriptum
1105 3388 1155 3442 est
1170 3378 1260 3444 corbi.
1308 3378 1473 3442 Morellius

425 3464 570 3539 adnotet,
581 3485 615 3526 se
624 3462 738 3526 vidisse
747 3463 899 3548 scriptum
910 3463 943 3526 in
954 3464 1094 3547 antiquis
1106 3465 1171 3527 ooro'
1179 3464 1260 3528 alios
1270 3463 1360 3527 cordi.
1379 3463 1472 3543 Quod

425 3549 592 3612 confirmat
608 3556 749 3612 nostram
765 3549 941 3614 lectionem.
974 3548 1012 3611 ln
1028 3549 1135 3612 codice
1146 3549 1296 3614 Beccensi
1311 3555 1344 3612 et
1359 3549 1392 3612 iu
1407 3548 1472 3612 edi·

426 3633 513 3696 tione
537 3632 674 3697 Morellii
695 3632 811 3718 legitur
826 3635 985 3698 ueritatis.-
1009 3634 1090 3698 Haee
1111 3634 1277 3700 anuzrus.
1324 3634 1385 3715 Qui
1407 3635 1473 3698 ocri

376 3795 379 3801 Ι
425 3739 484 3805 pro
509 3718 643 3782 lectione
669 3718 799 3804 vulgate
827 3721 965 3784 cecitatis
992 3721 1112 3803 primus
1146 3721 1261 3805 posuit,
1292 3719 1472 3784 faventibus

426 3825 551 3887 quoquo
567 3803 673 3867 codice
689 3803 719 3867 N
721 3804 769 3867 ovi
786 3805 863 3869 Ooll.
877 3823 904 3866 2.
921 3812 955 3868 et
969 3804 1177 3870 Teweterano
1192 3828 1271 3870 meo.
1317 3805 1380 3869 Sed
1395 3825 1473 3888 quo-

426 3910 511 3952 nmm
533 3895 652 3974 praeter
667 3887 855 3954 Beluziauos
877 3891 957 3954 duos
973 3891 1087 3954 MStos
1101 3899 1236 3975 praestut
1258 3899 1292 3954 et
1306 3890 1406 3954 codex
1422 3911 1473 3954 ve·

426 3974 545 4038 tustior
559 3973 737 4038 Druriunue
759 3997 867 4039 vocem
886 3975 978 4051 corbi,
992 3976 1113 4051 dubito,
1129 3998 1235 4041 ennon
1256 3973 1472 4061 reponendum

425 4058 477 4134 sit,
491 4059 650 4124 secuudum
665 4060 763 4143 fidem
785 4061 871 4125 verbi
894 4061 1047 4126 veritatis.
1093 4061 1195 4126 Extat
1210 4069 1318 4126 tumen
1336 4059 1427 4136 infru,
1444 4059 1472 4123 si

426 4143 502 4225 quid
520 4144 553 4206 id
568 4145 675 4218 refert,
696 4145 729 4208 in
747 4145 800 4210 lib.
817 4148 856 4210 de
871 4147 975 4232 Opere
993 4155 1026 4210 et
1049 4145 1266 4232 Eleemosynis
1288 4167 1357 4230 cup.
1369 4164 1401 4224 4.
1417 4145 1473 4229 qui

424 4225 508 4290 lotor
522 4227 595 4292 fidoi
608 4230 774 4295 veritatem
789 4242 889 4295 soreos
903 4233 967 4294 Dei
981 4233 1125 4296 timerent.

468 4313 505 4376 Ρ.
523 4330 593 4397 292.
616 4313 636 4378 l.
658 4335 704 4378 11.
726 4317 867 4401 quonwdo
882 4327 909 4380 ot
924 4319 1009 4381 Doce
1023 4328 1122 4382 monet
1137 4319 1171 4381 in
1185 4315 1343 4398 commum]
1369 4313 1472 4378 Omis-
