3316 5198
414 424 480 488 DE
504 423 905 491 PRAESCRIPTIONE
929 425 1056 490 ΗΕΒ.
1198 423 1262 494 lot

216 600 392 672 stantibus
430 602 580 682 ruinam,
617 621 690 669 non
726 599 755 670 si
789 599 993 692 jacentibus
1026 597 1262 672 elevationem

216 726 426 811 operentur:
452 717 619 809 quoniam
649 723 687 786 et
713 717 829 809 ipsum
859 738 949 811 opus
974 739 1096 788 eorum
1122 739 1194 789 non
1216 716 1263 787 de

216 857 280 905 suo
321 834 463 927 proprio
505 831 655 904 aedificio
689 834 797 916 venit,
832 834 893 904 sed
928 833 972 904 de
1008 834 1165 904 veritatis
1202 834 1264 905 de-

216 951 423 1021 structione.
496 947 631 1019 Nostra
668 947 861 1020 suffodiunt
898 958 940 1020 ut
975 971 1039 1020 sua
1075 950 1263 1022 aedificent.

188 1064 350 1146 5Adime
379 1064 450 1136 illis
479 1066 517 1134 in
543 1062 660 1159 legem
688 1065 807 1160 Moysi
833 1063 926 1160 (sor.
948 1064 1099 1158 Moysis)
1122 1075 1160 1136 et
1184 1089 1265 1159 pro·

215 1182 342 1276 phetes
359 1190 397 1252 et
413 1183 451 1252 in
464 1181 670 1252 Creatorem
685 1180 804 1251 Deum
822 1181 1092 1264 accusationem,
1110 1190 1149 1252 et
1166 1182 1262 1274 loqui

216 1322 288 1369 non
317 1298 463 1371 hebent.
528 1297 587 1368 Ita
614 1297 657 1368 fit
683 1305 725 1369 ut
751 1298 869 1368 ruinas
902 1296 1040 1368 facilius
1074 1307 1264 1391 operentur

216 1415 388 1484 stantium
408 1413 649 1496 aediliciorum,
668 1435 774 1506 quam
801 1414 1042 1484 extructiones
1064 1415 1263 1506 jacentium

215 1529 407 1599 ruinarum.
458 1527 519 1598 Ad
553 1530 628 1601 haec
658 1527 881 1600 solummodo
911 1551 1018 1622 opera
1042 1529 1195 1600 humiles
1225 1537 1263 1600 et

171 1642 336 1715 roblaudi
352 1652 391 1714 ct
406 1645 570 1715 submissi
587 1653 708 1739 agunt.
760 1643 940 1728 Ceterum,
958 1668 1024 1716 nec
1050 1646 1121 1716 suis
1143 1645 1264 1737 pressi·

216 1759 319 1830 dibus
336 1761 570 1830 reverentiam
587 1768 773 1833 noverunt.
825 1761 874 1832 Et
890 1762 959 1832 hoc
976 1761 1138 1854 estquod
1155 1761 1264 1832 schis-

215 1885 314 1948 mata
329 1876 422 1968 apud
440 1876 622 1947 haereticos
645 1875 720 1946 fere
741 1899 815 1946 non
836 1885 938 1948 sunt:
964 1879 1048 1970 quia
1072 1900 1155 1948 cum
1181 1877 1262 1958 sint,

215 2015 288 2062 non
313 2001 450 2084 parent.
501 1991 663 2062 Schisma
685 1999 741 2063 est
760 1993 878 2063 unitas
901 1995 994 2086 ipsis.
1046 1993 1209 2064 Mentior
1233 1995 1262 2064 si

216 2131 288 2179 non
305 2107 413 2178 etiam
430 2130 452 2177 a
467 2106 599 2201 reprlis
616 2109 687 2180 suis
704 2109 841 2179 variant
860 2110 955 2180 inter
978 2131 1026 2192 se,
1044 2111 1130 2181 dum
1155 2130 1264 2181 unus-

172 2258 206 2318 15
217 2225 364 2316 quisque
376 2223 523 2316 proinde
538 2221 630 2318 (sor.
641 2225 802 2318 perinde)
817 2247 881 2296 suo
898 2227 1042 2296 arbitrio
1060 2225 1264 2298 modulatur

217 2364 297 2433 quae
314 2341 470 2432 accepit:
492 2341 791 2432 quemadmodum
808 2343 854 2413 de
870 2363 935 2412 sue
946 2343 1092 2413 arbitrio
1109 2365 1152 2413 ea
1168 2365 1264 2413 com-

216 2458 334 2549 posuit
350 2456 412 2527 ille
437 2458 497 2549 qui
515 2458 671 2528 tradidit.
723 2456 899 2552 Agnoscit
915 2466 1077 2530 naturum
1105 2481 1204 2532 suam
1225 2467 1264 2530 et

217 2575 360 2668 originis
377 2597 448 2644 suae
464 2595 611 2655 morem,
628 2573 807 2664 proiectus
827 2577 889 2644 rei.
942 2575 1044 2646 Idem
1070 2575 1172 2646 licuit
1189 2573 1266 2646 Va·

217 2689 419 2762 lentinianis
448 2689 543 2781 quod
569 2687 775 2772 Valentino,
798 2689 894 2761 idem
919 2689 1142 2762 Marcionitis
1169 2691 1264 2782 quod

171 2805 405 2890 20M81'0l011l,
423 2805 469 2876 de
484 2805 629 2876 arbitrio
652 2827 717 2875 suo
739 2805 847 2876 fidem
870 2807 1047 2877 innovare.
1099 2805 1264 2898 Denique

217 2924 359 3014 penitus
392 2922 563 3014 inspectae
596 2919 749 2992 haereses
787 2943 919 3003 omnes,
953 2922 991 2990 in
1024 2921 1148 2992 multis
1181 2944 1263 2993 eum

218 3037 420 3109 auctoribus
445 3039 517 3109 suis
541 3038 789 3108 dissentientes
809 3035 1131 3128 deprehenduntur.
1183 3035 1265 3140 l’le-

218 3154 318 3245 rique
347 3177 414 3224 nee
443 3153 609 3225 ecclesias
639 3151 783 3234 habent,
810 3152 886 3222 sine
912 3160 1036 3234 matre,
1064 3154 1140 3223 sine
1169 3152 1263 3236 sede,

218 3269 295 3340 orbi
311 3269 391 3352 fide,
409 3277 577 3350 extorres,
595 3268 694 3360 quasi
711 3267 787 3338 sine
804 3265 877 3336 lare
893 3276 1076 3361 vagantur.

172 3416 207 3477 25
269 3383 409 3455 Notata
427 3393 512 3455 suut
531 3386 640 3456 etiam
669 3384 881 3454 commercia
906 3383 1156 3455 haereticorum
1181 3407 1264 3454 cum
1299 3394 1392 3508 ffill’i

217 3501 330 3595 magis
346 3524 453 3593 quam
470 3500 640 3594 pluribus,
657 3523 739 3571 cum
761 3498 1037 3583 circulatoribus,
1055 3523 1138 3570 cum
1154 3509 1265 3571 astro-
1393 3492 1400 3507 ⁸

218 3615 319 3712 logis,
351 3641 434 3689 cum
468 3616 695 3710 philosophis,
724 3616 919 3687 curiositati
953 3616 1088 3688 scilicet
1125 3618 1264 3688 deditis.

220 3731 383 3822 (ductito,
409 3743 442 3806 et
474 3733 662 3817 invadetis,
696 3733 829 3826 ubique
861 3735 1109 3805 meminerunt.
1160 3733 1266 3806 Adeo

219 3849 326 3920 etde
350 3872 481 3944 genere
504 3849 778 3920 conversationis
805 3847 956 3941 qualitas
985 3849 1068 3921 fidei
1097 3849 1265 3921 aestimari

171 3973 358 4056 sopotest:
384 3966 555 4036 doctrinae
572 3965 682 4034 index
699 3963 885 4056 disciplina
900 3972 974 4036 est:
995 3973 1129 4060 negant
1145 3965 1266 4036 Deum

219 4081 430 4153 timendum.
482 4081 610 4172 Itaque
626 4075 738 4150 libera
762 4088 846 4150 sunt
861 4078 932 4151 illis
948 4082 1069 4152 omnia
1085 4089 1123 4153 et
1139 4081 1265 4152 soluta

221 4195 296 4267 Ubi
325 4205 447 4267 autem
478 4195 577 4268 Dens
607 4219 679 4268 nen
706 4197 863 4277 timetur,
890 4197 957 4266 nisi
990 4197 1051 4266 ubi
1085 4219 1158 4270 neu
1184 4197 1266 4270 esti

222 4309 296 4382 Ubi
314 4309 504 4384 Deusnou
520 4319 585 4395 est,
602 4335 669 4384 nec
686 4311 816 4382 veritas
838 4309 912 4382 ulla
927 4319 993 4382 est.
1046 4311 1120 4396 Ubi
1134 4314 1267 4385 soritas
