3310 5224
409 479 453 541 24
743 477 1124 544 ANNOTATIONES

454 649 493 714 P.
516 667 561 734 13.
585 648 607 712 l.
625 667 654 730 7.
679 647 775 730 πάσης
800 651 956 727 διαβολῆς,
987 650 1186 734 revelaberis]
1222 650 1323 716 Reeoe
1348 653 1460 720 distin·

409 741 552 821 guuntur
566 735 694 814 διαβολὴ
713 741 746 800 et
766 738 943 812 καταλαλιὰ,
959 742 996 800 ut
1015 735 1141 800 diverso
1159 738 1276 802 mentis
1295 745 1329 803 et
1343 739 1459 827 linguae

410 821 497 898 vitie,
513 821 545 884 in
560 821 648 885 libris
663 822 761 885 saeris
776 833 809 886 et
824 820 950 906 seriptis
965 822 1173 886 ethnioorum.
1210 829 1388 889 Καταλσλιὰ
1402 848 1460 912 per

410 929 453 985 se,
464 907 531 972 sine
540 907 645 992 aliquo
654 907 882 981 additamento,
895 907 1000 992 paullo
1012 929 1109 992 supro
1119 909 1266 973 hebetur.
1292 909 1333 974 V.
1341 911 1368 975 l.
1377 911 1459 998 lege-

409 991 1200 1072 δοῦδιοβολικῆικαταλσλιῦςαόοιναιόνοάὶαῦοίῦοίο
1208 993 1457 1062 detradioeibm:

410 1086 444 1144 et
453 1079 497 1143 sie
508 1080 607 1144 hebet
615 1081 715 1144 codex
725 1079 939 1144 Florentinus.
967 1080 1030 1144 Sed
1040 1081 1161 1158 dubito,
1172 1102 1214 1144 en
1223 1089 1319 1146 reete.
1344 1083 1457 1149 Surru.

410 1164 597 1230 Florentino
610 1166 710 1230 oodioi
726 1165 906 1229 Parisinum
920 1166 1011 1230 addit
1021 1166 1046 1229 J
1046 1168 1233 1231 ooobsonus.

455 1251 537 1316 Ibid.
553 1252 574 1315 l.
589 1272 635 1315 ιο.
663 1252 876 1332 θυσιαστήριον
896 1253 993 1352 Θεοῦ]
1020 1252 1092 1316 Ηοο
1119 1274 1177 1337 pro
1199 1260 1329 1340 reoepto
1352 1259 1456 1320 θνσια·

410 1337 517 1419 στήρια
536 1360 576 1402 ex
596 1339 688 1402 eodd.
710 1338 796 1402 Flor.
816 1337 894 1402 vat.
916 1338 1018 1403 Perre.
1041 1360 1124 1402 nune
1146 1340 1259 1423 recepi,
1281 1339 1319 1404 ol.
1339 1340 1457 1406 Jueob

410 1445 523 1488 sonum
544 1432 691 1498 seeutus;
717 1425 769 1508 qui
784 1423 890 1509 pergit
905 1425 1051 1503 seribere,
1069 1433 1088 1461 “
1101 1425 1153 1488 Sie
1169 1447 1294 1510 quoque
1317 1426 1457 1492 Pseudo-

410 1518 430 1546 ‘⁶
444 1509 589 1596 Ignotius
603 1510 636 1574 in
653 1511 713 1595 Ep.
730 1511 771 1574 ed
787 1511 968 1588 Tarsenses,
984 1510 1005 1574 l.
1018 1531 1048 1594 9.
1064 1514 1117 1577 τὰς
1135 1513 1168 1574 ἓν
1188 1515 1346 1592 σεμνότητι
1363 1514 1458 1596 χήρας

411 1607 431 1629 “
444 1597 483 1664 ὡς
497 1597 709 1677 θυσιαστήριον
722 1601 815 1662 Θεοῦ,
840 1596 908 1660 Lib.
925 1596 1068 1681 impressi
1084 1597 1228 1682 praebent
1249 1600 1456 1679 θυσιαστήρια.

410 1682 506 1746 “Sed
522 1683 594 1749 ναὸς
613 1705 677 1746 non
697 1684 764 1747 ναοὶ
784 1682 881 1747 hebet
901 1682 941 1746 D.
955 1682 1076 1746 Paulus
1096 1703 1106 1745 1
1126 1683 1198 1747 (lor.
1214 1683 1258 1746 iii.
1281 1686 1327 1760 16,
1348 1685 1455 1750 οΟοτ.

411 1776 430 1804 “
439 1770 478 1833 vi.
499 1772 548 1832 16.
572 1769 620 1834 Of.
638 1769 768 1844 Tertull.
785 1769 827 1833 ed
844 1768 947 1832 Uxor.
964 1769 982 1832 l.
995 1784 1026 1852 7.
1043 1791 1076 1853 p.
1093 1771 1160 1854 165.
1178 1769 1226 1832 ed.
1244 1769 1384 1855 Rigalt?

453 1855 534 1919 Ibid.
558 1854 657 1919 πάντα
679 1856 932 1939 μωμοσκοπεΐται]
956 1854 995 1917 In
1019 1854 1191 1940 exemplari
1215 1862 1456 1935 μωμοσκοπεῖται

408 1942 562 2027 seriptum
587 1948 656 2017 est;
692 1963 788 2025 quem
817 1962 925 2004 voeem
952 1941 1090 2024 quinon
1115 1940 1349 2018 intellexerunt,
1375 1943 1457 2023 ἡμῶν

408 2034 562 2091 σιοπεῖται
584 2027 751 2112 legendum
776 2027 1019 2101 existimarunt;
1052 2048 1111 2111 pro
1136 2026 1241 2111 priore
1264 2027 1350 2091 verbi
1373 2050 1455 2092 eom-

407 2113 503 2198 positi
518 2113 669 2190 membro,
686 2114 871 2198 pronomine
888 2114 988 2197 (quod
1004 2112 1109 2176 Vetus
1123 2135 1187 2176 non
1206 2113 1336 2198 ognovit
1353 2113 1455 2178 Inter·

429 2200 495 2280 res)
527 2199 711 2263 substituto.
756 2198 836 2263 (lum
863 2199 1060 2283 θυσιαστηρίῳ
1086 2220 1160 2262 vero
1189 2221 1209 2262 u
1235 2198 1397 2264 Clemente
1422 2201 1456 2264 in

407 2221 555 2368 lipistole
569 2284 611 2348 ed
626 2284 818 2362 Corinthios,
830 2289 871 2368 (ο.
883 2286 950 2365 44.)
965 2305 1060 2368 quem
1075 2284 1108 2346 in
1122 2285 1182 2348 heo
1193 2285 1272 2349 elias
1283 2284 1380 2349 etiam
1392 2307 1455 2349 non

407 2370 504 2433 semel
524 2370 720 2470 Polyoarpus
743 2377 793 2434 est
816 2378 950 2445 secutus,
972 2369 1208 2450 μώμοσκοπηθὲν
1229 2371 1264 2434 τὸ
1283 2374 1454 2452 τροσφερό·

406 2480 500 2536 μενον
515 2456 706 2541 eonjunetrm
722 2457 896 2530 cernimus;
921 2457 975 2520 ubi
990 2459 1195 2536 μωροσκόπων
1210 2455 1346 2520 officium
1359 2457 1455 2522 fuisse

429 2541 549 2606 luribue
571 2563 629 2605 nos
651 2543 759 2606 doouit
781 2543 981 2606 doctissimus
1002 2541 1025 2604 J
1028 2541 1129 2618 unius,
1153 2563 1192 2606 ne
1215 2542 1290 2626 quid
1310 2543 1377 2606 vitii
1397 2551 1455 2608 eut

406 2564 487 2692 libis
502 2628 665 2706 sacrificio,
681 2629 864 2713 priusquam
879 2628 973 2692 altari
988 2627 1213 2712 imponeretur,
1226 2629 1371 2692 subesset
1386 2629 1454 2692 dili-

406 2722 520 2799 genter
534 2713 696 2799 dispioere.
735 2713 958 2795 Θυσιαστήριον
974 2735 1098 2797 qnoque
1112 2713 1314 2800 singulariter
1328 2715 1369 2778 ob
1384 2714 1455 2779 eliis

407 2799 459 2864 hio
473 2799 598 2886 legitur,
614 2801 662 2864 uti
678 2801 710 2864 in
730 2800 874 2864 versione
891 2809 999 2863 vetere
1019 2799 1144 2864 Latine.
1182 2799 1263 2864 Cum
1278 2823 1342 2884 qun
1355 2801 1454 2864 etiem

406 2885 562 2963 convenit,
584 2886 669 2971 qnod
692 2886 725 2948 in
748 2886 894 2950 Snlrneeii
916 2886 1101 2971 apographo
1123 2886 1313 2972 paulopost
1336 2887 1454 2950 rectius

407 2973 561 3058 seriptum
576 2973 723 3050 occurrit,
739 2974 807 3037 οὔτε
821 2999 850 3036 τι
864 2993 922 3056 pro
938 2971 1092 3035 Helloixii
1107 2971 1165 3035 οὐτ’
1183 2972 1236 3046 ἔτι,
1252 2979 1287 3036 et
1308 2977 1391 3037 Θεοῦ
1405 2974 1455 3036 καὶ

406 3063 538 3140 Χριστοῦ
566 3058 697 3122 διάκονοι
723 3080 782 3143 pro
816 3059 957 3142 ejusdem
989 3062 1072 3122 Θεοῦ
1101 3061 1135 3121 ἐν
1164 3063 1284 3142 Χριστῷ
1313 3057 1452 3122 διάκονοι.

407 3143 518 3208 Uesnn.
536 3144 609 3209 MS.
623 3151 872 3225 μωρσσκοσεῖται·
896 3143 989 3208 etsie
1005 3143 1132 3208 omnino
1150 3143 1326 3230 legendum,
1342 3149 1380 3208 ut
1395 3143 1452 3207 viri

406 3231 492 3296 doeti
507 3232 628 3295 dudum
648 3232 866 3295 observarunt.
888 3230 1001 3294 Suus.
1036 3230 1124 3294 MSti
1144 3231 1334 3315 scripturum
1353 3255 1452 3308 μομο·

406 3323 569 3390 σκστεῖται,
586 3317 671 3402 quod
683 3316 809 3400 quidem
821 3318 951 3381 verbum
963 3316 1049 3400 apud
1064 3316 1143 3380 alios
1158 3326 1287 3380 autores
1302 3322 1402 3393 extet,
1419 3315 1453 3379 in

405 3408 531 3468 textum
549 3403 662 3488 reeepi.
709 3402 811 3466 Porro
831 3403 884 3466 vix
904 3402 1025 3478 dubito,
1042 3401 1118 3486 quin
1136 3402 1325 3487 respicietur
1348 3402 1399 3465 hio
1419 3408 1453 3465 et

405 3488 438 3552 in
452 3489 557 3553 verbis
571 3489 776 3574 sequentibus
790 3489 832 3553 ed
851 3488 988 3574 apostoli
1006 3487 1110 3551 looum
1129 3488 1162 3550 in
1176 3487 1318 3574 Ερὶιτοῦν
1332 3488 1377 3551 od
1389 3488 1452 3551 Ho-

405 3573 497 3640 broeoe
511 3597 580 3660 esp.
589 3576 629 3640 iv.
645 3596 757 3638 eornm.
774 3593 822 3638 ιο.
832 3582 865 3639 et
882 3594 890 3636 ι
897 3594 928 3658 3.
945 3573 1000 3637 ubi
1011 3580 1125 3638 extent
1137 3575 1331 3659 metaphorae
1346 3574 1452 3638 duotae

404 3683 425 3726 n
447 3660 617 3726 sacrifieiis.
663 3661 823 3724 Praestere
845 3667 1085 3740 μωμσσκοπεῖται
1104 3659 1244 3724 oodieem
1265 3659 1344 3723 Vnt.
1369 3681 1452 3723 nune

404 3747 502 3813 refert
523 3747 734 3822 Jeoobsonus‚
758 3746 814 3810 sed
839 3745 964 3810 divisim
989 3767 1097 3810 vooem
1123 3745 1266 3810 exhiberi
1296 3745 1329 3808 in
1358 3727 1451 3808 eodrl.

405 3833 549 3899 Florent.
561 3840 595 3898 et
605 3832 708 3897 Puris.
725 3853 857 3916 quorum
874 3831 925 3895 ille
934 3833 1223 3912 μώμω-σκοσεῖται
1237 3831 1346 3910 hebet,
1358 3831 1453 3912 μόρος

403 3941 467 3984 01·ae
482 3920 554 3984 libri
569 3919 740 4004 adseupto,
756 3918 808 3983 hie
822 3921 1130 3998 μόμος-σκωπεῖται.

448 4005 532 4069 Ibid.
549 4005 633 4070 l.12.
653 4005 722 4070 οὔτέ
740 4031 768 4068 τι
788 4011 847 4068 τῦν
871 4010 1003 4086 κροπτιῦν
1024 4009 1076 4082 τῆς
1096 4004 1229 4087 καρδίας]
1260 4002 1452 4067 Emendavit

403 4112 442 4154 ex
459 4091 640 4156 Salmasiie
681 4091 805 4176 grapho
821 4089 971 4154 Uenerius
986 4089 1055 4154 οὔτέ
1069 4115 1098 4152 τι
1111 4096 1171 4154 τῶν
1207 4111 1243 4154 ro
1255 4089 1314 4154 οὔτ’
1327 4089 1371 4152 ἔτι
1381 4095 1450 4163 τῦν,

403 4176 600 4276 quodetiam
655 4177 828 4241 erklnndus
842 4197 907 4240 orae
923 4175 1058 4261 exempli
1077 4176 1139 4239 mei
1155 4111 1371 4240 Aldriohionae
1386 4175 1451 4238 edi-

401 4262 498 4328 tionis
519 4262 698 4348 adscripsit.
736 4262 809 4326 Hoo
832 4260 945 4346 reeepi.
977 4260 1129 4326 Similiter
1151 4261 1212 4325 seri
1236 4268 1305 4325 tum
1327 4283 1396 4325 esee
1418 4261 1451 4324 in

401 4349 470 4413 ooo
482 4348 568 4413 Flor.
579 4348 721 4414 ostendit
728 4348 948 4435 apographum
959 4347 1192 4411 Vossio-Dodw
1233 4347 1361 4422 ionum
1377 4368 1450 4412 eon·

401 4435 549 4500 firmante
562 4433 595 4500 id
609 4434 633 4498 J
634 4433 793 4500 eeobsono
807 4434 847 4497 de
861 4455 900 4497 eo
915 4439 948 4497 et
963 4433 1092 4517 reliquis
1105 4432 1276 4498 oodieibus.
