3314 5190
370 485 434 550 DE
455 486 614 551 OPERE
638 489 702 552 ET
726 488 1077 554 ELEEMOSYNIS.
1188 493 1254 560 299

203 657 351 752 angelus
373 660 471 751 paria
492 667 654 742 testatur,
672 671 710 731 et
732 671 774 733 ut
797 662 1021 756 eleemosyna
1043 663 1195 734 libenter
1211 687 1253 736 ao

202 775 349 868 largiter
374 775 436 846 liat
460 776 625 848 hortatur
653 777 794 849 dicens:
828 776 932 850 Bono
960 788 1010 850 est
1038 779 1151 850 oratio
1176 799 1374 851 summast

191 890 328 982 jejunio
366 900 398 963 et
436 890 670 988 elaeomsyoo:
718 894 801 988 quio
839 892 1048 990 eleemosyna
1086 919 1108 966 o
1145 905 1253 967 morta

202 1005 333 1090 liberat,
359 1017 392 1080 et
420 1009 497 1102 ipso
522 1019 652 1107 purgat
675 1019 826 1104 peecata.
878 1010 1047 1082 Ostendit
1077 1013 1254 1084 orationes

175 1133 339 1206 suostras
355 1149 397 1196 ao
414 1126 552 1217 jejunia
568 1129 686 1197 miuus
702 1149 804 1220 posse
823 1127 888 1197 uisi
906 1126 1138 1220 eleemosynis
1155 1129 1254 1220 adju-

203 1251 340 1323 ventur,
367 1242 633 1334 deprecationes
654 1243 745 1314 solas
770 1265 894 1335 parum
920 1244 966 1314 ad
992 1245 1253 1336 impetrandum

202 1357 330 1438 valere,
348 1359 416 1428 nisi
433 1359 607 1429 faetonrm
629 1367 666 1430 et
684 1383 830 1452 operum
854 1360 1053 1432 accessione
1070 1362 1253 1432 satientur.

203 1473 355 1544 Revelat
388 1474 535 1568 angelus
565 1483 603 1545 et
638 1476 843 1546 manifestat
878 1483 916 1545 et
946 1477 1063 1546 firmat
1100 1475 1255 1548 eleemo-

202 1588 296 1680 synis
326 1590 516 1682 petitiones
545 1599 681 1662 nostras
711 1591 871 1662 efficaces
899 1592 986 1673 fieri,
1021 1592 1253 1686 eleemosynis

158 1733 193 1774 ιο
202 1707 314 1776 vitam
349 1708 395 1777 de
428 1707 593 1799 perieulis
626 1709 762 1790 redimi,
797 1709 1029 1802 eleemosynis
1064 1711 1199 1780 animas
1232 1734 1254 1780 a

202 1829 318 1892 morte
336 1821 486 1892 liberari.

253 1935 322 2008 IV.
347 1936 509 2020 Neoris,
532 1938 658 2009 fratres
684 1939 862 2021 carissimi,
884 1941 953 2011 iste
977 1941 1187 2032 proferimus
1212 1949 1253 2011 ut

201 2074 274 2122 non
290 2053 385 2143 quod
404 2053 563 2147 RaphaeI
586 2053 733 2148 angelus
754 2056 846 2125 dixit
869 2057 1027 2126 veritatis
1048 2057 1253 2126 testimonio

202 2171 481 2261 comprobemus.
534 2171 578 2241 In
602 2171 755 2242 Actibus
778 2171 1034 2264 Apostolorum
1058 2172 1143 2242 faeti
1166 2172 1253 2244 fides

158 2311 168 2350 ι
175 2287 318 2380 5ροείιιι
342 2295 417 2370 est;
447 2297 485 2358 et
510 2289 606 2379 quod
631 2287 872 2381 eleemosynis,
896 2311 968 2358 non
992 2297 1134 2359 tantum
1157 2312 1179 2360 a
1200 2313 1255 2360 se-

203 2403 328 2486 ounda,
353 2404 416 2475 sed
441 2427 463 2474 a
488 2405 601 2496 prima
625 2413 740 2475 morte
765 2405 894 2475 animae
920 2403 1115 2476 liberentur
1141 2413 1253 2498 gestae

203 2527 241 2590 et
257 2518 417 2610 impletae
440 2521 490 2589 rei
514 2520 721 2612 probatione
744 2527 967 2614 compertum
985 2531 1050 2591 est.
1101 2521 1254 2592 Tabitha

203 2636 467 2727 operationibus
485 2636 594 2726 justis
620 2644 659 2706 et
684 2636 916 2730 eleemosynis
942 2637 1151 2730 praestandis
1177 2638 1255 2731 plu·

203 2752 332 2820 rimum
350 2751 472 2822 dedita
487 2774 570 2821 eum
591 2751 768 2822 infirmata
791 2761 884 2822 esset
907 2759 945 2822 et
966 2761 1117 2836 mortua,
1135 2752 1179 2824 ad
1197 2777 1255 2825 ea·

158 2865 312 2938 nadaver
332 2869 496 2937 exanime
514 2866 643 2938 Petrus
665 2869 800 2938 aoeitus
821 2874 892 2937 est:
920 2869 980 2958 qui
998 2891 1080 2938 oum
1104 2870 1254 2962 impigre

204 3005 268 3074 pro
293 2983 486 3074 apostoliea
507 2983 731 3053 humanitate
757 2983 921 3064 venisset,
943 2985 1254 3054 circumsteterunt

205 3121 288 3168 eum
311 3099 428 3170 viduae
452 3098 579 3169 flentes
604 3106 641 3170 et
664 3107 838 3190 rogantes,
863 3097 970 3189 pallia
992 3106 1030 3168 et
1052 3101 1190 3170 tunicas
1216 3109 1254 3170 et

157 3283 159 3290 ,
204 3215 325 3285 omnia
348 3214 410 3286 illa
435 3237 512 3306 quae
541 3215 638 3307 prius
668 3221 889 3304 sumpserant
914 3213 1124 3285 indumenta
1152 3237 1254 3285 mon-

204 3339 367 3414 strantes,
392 3354 458 3401 nee
485 3353 549 3422 pro
575 3329 744 3400 defrmota
773 3331 845 3400 suis
872 3330 1026 3412 vocibus,
1056 3330 1118 3401 sed
1145 3331 1254 3421 ipsius

159 3475 194 3535 ²5
206 3446 370 3539 operibus
387 3447 628 3539 deprecantes.
672 3443 792 3515 Sensit
811 3443 937 3514 Petrus
954 3445 1134 3537 impetrari
1152 3467 1254 3538 posse

206 3564 300 3653 quod
318 3563 367 3632 sio
389 3562 588 3654 petebatur,
613 3579 679 3630 nee
703 3559 907 3630 defuturum
926 3560 1058 3631 Christi
1080 3561 1253 3632 auxilium

206 3679 320 3749 viduis
350 3676 630 3770 depreoantibus,
664 3677 805 3767 quando
839 3684 931 3746 esset
961 3677 999 3745 in
1033 3677 1149 3746 viduis
1177 3679 1253 3770 ipse

207 3793 366 3863 vestitus.
417 3793 509 3864 Cum
533 3794 654 3882 itaque
676 3791 826 3884 genibus
848 3792 953 3862 nixus
976 3801 1118 3874 orasset,
1141 3801 1180 3862 et
1203 3794 1254 3862 vi-

207 3907 356 3976 duarum
373 3930 415 3977 ae
437 3929 632 4000 pauperum
655 3907 803 3978 idoneus
819 3908 1012 3978 advocatus
1032 3907 1166 4002 legatas
1186 3909 1253 3980 sibi

159 4053 198 4112 30
207 4039 328 4112 preces
345 4019 390 4090 ad
408 4019 603 4090 Dominum
616 4019 829 4113 pertulisset,
847 4043 1036 4094 conversus
1054 4025 1099 4094 ad
1117 4046 1253 4116 eorpus,

206 4132 301 4225 quod
330 4134 366 4202 in
392 4133 515 4205 tabula
530 4135 608 4227 jam
629 4135 743 4206 lotum
763 4136 916 4227 jaeebat,
946 4135 1103 4220 Toditlro,
1127 4139 1317 4230 inquitate
1331 4165 1366 4214 ιι.

207 4269 352 4345 assurge
376 4247 414 4318 ia
436 4250 575 4321 nomiae
595 4247 685 4322 Jesu
709 4247 852 4324 Girba.
905 4250 986 4322 Neo
1007 4253 1122 4324 deluit
1145 4252 1253 4324 Petro

207 4384 277 4453 quo
302 4363 419 4434 minus
441 4367 561 4436 statim
588 4365 697 4436 ferret
721 4365 893 4436 auxilium
920 4367 980 4457 qui
1006 4368 1043 4437 iu
1070 4368 1253 4463 evangelio

682 4487 785 4572 Qq2
