3310 5224
396 478 440 546 68
758 482 790 544 S.
814 479 1082 544 HIPPOLYTI

396 661 496 734 οῦται
514 651 585 756 γὰρ
604 654 624 731 5
642 652 812 756 μακάριος
829 651 997 753 Ἰωάννης
1014 650 1061 731 τὰ
1078 650 1138 731 διὰ
1156 658 1229 732 τῶν
1245 658 1445 759 προφητῶν

397 779 571 884 εἰρημένα,
596 779 730 864 δεικνῦς
754 789 882 860 τοῦτον
906 777 995 861 εἶναι
1017 779 1082 860 τόν
1108 776 1241 881 Λόγον,
1266 781 1308 857 δι’
1329 779 1372 858 οὗ
1398 778 1444 859 τὰ

289 905 294 910 ’
395 906 516 989 πάντα
542 907 691 1008 ἐγένετο.
752 911 873 1007 Φησὶν
899 906 972 1011 γὰρ
999 908 1105 986 οὕτω·
1144 909 1211 986 Ἐν
1238 909 1333 1012 ἀρχῇ
1356 905 1444 1008 ἧνό

397 1033 528 1137 Λόγος,
547 1036 644 1114 καὶὸ
670 1033 791 1137 Λόγος
814 1034 859 1136 ἦν
880 1033 971 1140 πρὸς
993 1031 1058 1114 τὸν
1081 1032 1186 1131 θεὸν,
1206 1036 1265 1113 καὶ
1287 1032 1382 1119 Θεὸς
1400 1033 1445 1135 ἦν

397 1165 418 1244 5
437 1160 569 1264 Λόγος.
619 1160 749 1241 Πάντα
767 1163 809 1241 δι’
829 1163 938 1242 αὐτοῦ
964 1161 1112 1263 ἐγένετο,
1131 1161 1189 1240 καὶ
1211 1163 1320 1265 χωρὶς
1337 1162 1472 1256 αὐτοῦς

397 1289 535 1393 ἐγένετο
568 1287 647 1368 οῦδὲ
678 1289 726 1369 ἕν.
768 1288 937 1393 usuum)
969 1288 1117 1394 δὲέφη·
1155 1291 1203 1368 Ὁ
1232 1288 1443 1400 κόσμοςῦί

396 1419 505 1498 αὐτοῦ
524 1415 673 1518 ἐγένετο,
693 1421 752 1496 καὶ
770 1417 790 1495 5
809 1414 946 1515 ubuum
964 1414 1073 1496 αὐτὸν
1090 1416 1154 1494 οὐκ
1179 1416 1281 1516 ἔγνω.
1323 1423 1388 1502 Εἰς
1401 1415 1446 1496 τὰ

397 1545 470 1625 ἰ’δια
486 1540 608 1643 ἦλθεν,
628 1546 686 1623 καὶ
705 1548 738 1622 οἱ
757 1543 838 1624 ἴδιοι
855 1540 964 1623 αὐτὸν
982 1544 1023 1622 οῦ
1041 1539 1262 1646 παρέλαβον.
1310 1549 1356 1623 Εἰ
1374 1545 1446 1642 οὖν,

398 1671 479 1778 ἔφη,
508 1672 528 1749 5
556 1670 693 1769 κόσμος
721 1671 764 1750 δι’
794 1671 903 1750 αῦτοῦ
931 1669 1127 1773 γεγέννηται,
1157 1669 1275 1754 καθὼς
1302 1672 1400 1773 λέγει
1428 1673 1448 1749 5

397 1797 598 1908 προφήτης·
639 1804 704 1905 Τῷ
723 1796 835 1906 Λόγῳ
856 1798 991 1902 Κυρίου
1009 1802 1043 1878 οἱ
1064 1800 1207 1902 οὐρανοὶ
1224 1799 1444 1902 ε’στερεῶθη-
1463 1849 1498 1887 ,ο

398 1953 482 2006 σαν·
511 1923 583 2028 ἆρα
600 1922 704 2008 οὗτός
721 1926 822 2004 ἔστιν
841 1926 862 2003 5
880 1922 1002 2027 Λόγος
1021 1927 1041 2004 5
1059 1928 1118 2005 καὶ
1136 1925 1296 2033 ἐμφαιής
1310 1926 1446 2006 δεικνύ-

397 2087 512 2153 μενος.
564 2053 708 2132 Οὐκοῦν
725 2051 902 2155 ένσαρκον
927 2050 1050 2154 Λόγον
1072 2060 1282 2157 θεωροῦμεν,
1302 2054 1450 2158 Πατέρα

399 2181 443 2260 δι’
463 2181 572 2260 αὐτοῦ
590 2188 748 2278 νοοῦμεν,
768 2183 846 2286 Υὶῴ
863 2177 902 2258 δέ
919 2177 1146 2281 πιστεύομεν,
1160 2181 1345 2282 Πνεῦματι
1358 2182 1449 2290 ἁγίῳ

397 2315 683 2412 προσκυνοῦμεν.

454 2432 515 2537 ιγ’.
542 2432 696 2535 Ἴδωμεν
714 2435 777 2514 οῦν
795 2434 841 2514 τὰ
868 2434 1106 2537 γεγραμμένα,
1126 2434 1181 2515 ότι
1204 2436 1270 2535 μὲν
1288 2436 1448 2545 ε’μφωιῆς
1463 2489 1496 2547 ¹5

397 2564 418 2642 5
437 2561 557 2666 Λόγος
575 2561 746 2663 ἐσόμενος
770 2559 1003 2666 ε’κηρύσσετο.
1056 2566 1130 2641 Καὶ
1147 2563 1317 2668 Ἱερεμίας
1336 2563 1446 2668 λέγει’

396 2691 462 2774 Τίς
480 2690 569 2788 ἔστη
588 2692 626 2768 ἐν
644 2686 872 2788 ῦποστὴματι
892 2688 1042 2790 Κυρίου,
1059 2693 1118 2768 καὶ
1136 2690 1225 2770 εἶδεν
1244 2688 1308 2771 τὸν
1325 2690 1449 2793 Λόγον

396 2817 531 2912 αὐτοῦς
564 2813 684 2918 Λόγος
712 2813 751 2896 δέ
779 2819 875 2895 Θεοῦ
902 2809 1011 2911 μόνος
1035 2814 1173 2919 ὁρατὸς,
1192 2818 1383 2922 ἀνθρώπου
1411 2819 1450 2898 δὲ

399 3063 502 3121 beatus
515 3061 654 3121 Jouuues.
689 3061 811 3142 Repetit
825 3061 903 3120 enim
946 3061 1450 3141 ⁶VerboDumiuicoelbfimuutiruut.·

399 3143 575 3212 summatim,
606 3163 671 3220 quoe
699 3164 716 3202 a
753 3141 905 3222 prophetie
945 3140 1037 3218 igitur
1060 3143 1115 3202 boc
1138 3154 1183 3203 eet
1205 3145 1350 3216 Verbum,
1371 3145 1450 3222 quod

399 3222 477 3283 dicta
505 3235 583 3293 runt,
614 3223 815 3284 demonstrans
849 3223 905 3280 boc
946 3223 1055 3280 factum
1071 3235 1115 3282 est
1134 3225 1331 3284 menifestum.
1370 3227 1452 3304 Ergo

398 3323 461 3364 eree
476 3303 618 3372 Verbum,
638 3325 690 3382 per
709 3304 787 3383 quud
806 3303 904 3362 omniu
945 3301 1077 3362 Verbum
1092 3305 1275 3365 incarnatum
1295 3307 1451 3374 cernimus,

399 3384 567 3446 factasunt.
608 3385 658 3445 Sic
672 3385 749 3443 enim
764 3385 822 3443 eit:
841 3383 903 3441 ιῑΙιι
946 3383 1063 3442 Putrem
1085 3405 1138 3462 per
1158 3405 1226 3444 eum
1247 3386 1450 3466 intelligimus,

395 3464 542 3542 principio
560 3475 623 3524 erue
642 3465 773 3534 Verbum,
789 3473 814 3524 el
835 3465 904 3523 Ver-
946 3462 1024 3522 Filio
1036 3463 1190 3536 credimus,
1203 3467 1347 3546 Spiritum
1360 3469 1452 3534 Sene„

399 3543 463 3603 bum
478 3554 540 3603 erut
558 3546 638 3624 apud
656 3545 760 3616 Deum,
776 3553 802 3603 et
823 3545 905 3604 Deus
945 3555 1008 3603 tum
1023 3544 1186 3605 adoremur.

399 3633 462 3682 erue
475 3625 605 3684 Verbum.
635 3625 737 3685 Omm'u
746 3647 801 3704 per
812 3625 905 3704 ἰριαπι
988 3624 1079 3684 XIII.
1095 3624 1257 3687 Videamus
1276 3628 1367 3707 igitur
1386 3649 1452 3707 qure

388 3703 479 3784 sucta
494 3713 572 3774 runt,
588 3715 614 3764 et
633 3706 695 3765 uiue
712 3705 775 3784 ipro
785 3705 905 3784 suctum
945 3705 1053 3783 scriptu
1073 3716 1152 3773 sunt,
1174 3709 1254 3785 quud
1277 3709 1451 3789 prediceba-

398 3794 440 3844 ert
450 3784 530 3845 nihil.
543 3797 573 3844 et
584 3787 662 3846 infru
672 3785 730 3845 uit:
747 3783 906 3845 ι)Μαιιιία.ς
946 3796 995 3844 tur
1016 3785 1135 3865 quidem
1159 3787 1291 3848 Verbum
1316 3791 1452 3850 futurum

394 3886 450 3945 per
463 3866 770 3946 ipsumsucturerml
784 3867 907 3926 muudus
946 3867 1145 3926 manifestum.
1185 3869 1351 3929 HIeremius
1364 3872 1451 3931 etium

398 3967 460 4005 eum
476 3968 530 4006 nou
547 3947 685 4026 coguovit.
728 3947 767 4006 Iu
786 3949 906 4027 ρτορτία
947 3945 1034 4006 dicit:
1050 3944 1149 4014 ἀραία
1163 3950 1239 4009 stetit
1255 3951 1284 4010 ιἰι
1304 3951 1453 4031 Ιιρρονιαςί

398 4027 484 4094 venit,
495 4036 520 4086 el
529 4029 576 4088 ςυί
586 4049 648 4086 eum
661 4049 715 4088 uun
728 4037 905 4108 receperunt.
949 4027 1075 4096 Domr'm',
1091 4038 1117 4087 et
1131 4029 1201 4089 vidit
1223 4031 1345 4091 Verbum
1363 4033 1454 4112 ejus?

399 4106 433 4164 Si
452 4107 579 4167 mundun
599 4109 723 4187 (iuquit)
762 4130 793 4168 er
809 4110 906 4189 ipsum
949 4107 1081 4168 Verbum
1096 4120 1195 4170 autem
1215 4111 1272 4171 Dei
1292 4111 1386 4172 solum
1408 4122 1454 4171 eut

398 4185 494 4245 fectus
512 4198 565 4255 eet,
580 4188 657 4248 sicut
677 4191 720 4250 eit
739 4130 904 4270 Vrophetu:
948 4188 1071 4259 visibile,
1092 4191 1213 4250 verbum
1236 4212 1305 4252 vero
1328 4193 1454 4253 bominis

431 4407 579 4457 usuum.
675 4408 764 4459 Hui.
781 4425 818 4459 ιο.
906 4411 1109 4461 ‘eremium
1208 4413 1421 4463 Hanniba&
