3294 5192
460 920 791 1004 SYMBOLUM
824 919 1369 1006 CONSTANTINOPOL.

519 1159 574 1216 AD
588 1159 818 1227 ΕΧΕΜΡΙιΑΒ,
833 1160 948 1232 QUOD
970 1161 1105 1220 EXTAT
1126 1161 1172 1218 IN
1193 1161 1310 1220 Acus

574 1354 1007 1420 CHALCEDONENSIS
1031 1353 1261 1420 CONCILII.

778 1567 1057 1614 ...φ-.-

396 1722 910 1872 ΠΙΣΤΕΥΟΜΕΝ
825 1751 873 1802 εις
905 1719 967 1797 ἕνα
999 1715 1095 1799 Θεόν
1126 1717 1273 1822 Πατέρα
1303 1753 1441 1799 παντο·

500 1879 673 2006 κρατορα,
693 1842 844 1946 ποιητὴν
872 1846 1023 1948 ούρανοῦ
1050 1848 1110 1924 καὶ
1136 1849 1214 1947 γῆς,
1239 1847 1378 1949 ὁρατῶν
1403 1881 1470 1943 τες

392 1971 538 2054 πόντων
565 1975 623 2053 καὶ
652 1970 824 2076 ἀοράτων.
883 1975 1002 2052 Καὶ’
974 2007 1022 2056 εις
1047 1971 1110 2052 ἕνα
1139 1972 1273 2076 Κύρων
1299 1973 1445 2088 Ἰησοῦν

392 2101 569 2204 Χριστὸν,
587 2098 651 2180 τόν
669 2097 760 2179 Υἱῦν
776 2108 841 2180 τοῦ
860 2103 956 2180 Θεοῦ
973 2097 1037 2179 τόν
1053 2103 1238 2201 μονογενῆ,
1257 2079 1444 2180 τόνέκτοῦ

394 2227 540 2330 Πατρός
566 2226 781 2327 γεννηθέντα
805 2225 877 2329 πρό
904 2224 1049 2306 πάντων
1079 2233 1152 2306 τῶν
1183 2226 1330 2306 αἰώνων·
1364 2233 1444 2333 φῶς

391 2355 431 2433 ἐκ
451 2360 581 2460 φῶντας,
606 2353 701 2434 Θεόν
724 2352 897 2454 ἀληθινόν
916 2356 955 2434 ε’κ
977 2359 1073 2434 Θεοῦ
1096 2356 1280 2454 ἀληθινοῦ·
1311 2388 1441 2455 γεννη-

392 2480 509 2578 θέντα,
537 2483 579 2560 ού
611 2480 814 2580 ποιηθέντα
841 2479 1036 2580 όμοούσιον
1068 2487 1120 2588 τῷ
1154 2483 1285 2583 Πατρί·
1326 2483 1369 2560 δι’
1401 2481 1443 2561 οὗ
1459 2513 1492 2552 ¹0

391 2605 438 2686 τὰ
455 2606 574 2688 πάντα
598 2607 746 2708 ἐγένετο,
765 2605 828 2686 τόν
851 2609 893 2686 δι’
919 2608 1012 2706 ἡμᾶς
1035 2605 1117 2691 τοῦς
1140 2605 1359 2712 ἀνθρώπους,
1384 2611 1443 2688 καὶ

392 2731 451 2813 διὰ
474 2731 541 2832 τὴν
564 2733 737 2836 ἡμέτερον
761 2735 954 2837 σωτηρίαν,
975 2734 1196 2814 κατελθόντα
1219 2736 1259 2814 ἐκ
1281 2741 1356 2814 τῶν
1377 2736 1440 2814 ού·

392 2867 521 2964 ρανῶν,
558 2865 616 2940 καὶ
653 2863 884 2965 σαρκωθέντα
917 2864 956 2942 έκ
998 2861 1206 2961 Πνεύματος
1237 2862 1352 2963 ἁγίου,
1385 2864 1443 2942 καὶ

396 2990 541 3091 Μαρίας
564 2993 629 3087 τῆς
650 2987 839 3092 παρθένου,
863 2991 920 3067 καὶ
952 2987 1291 3092 ένανθρωπήσαντα·
1323 3021 1438 3068 σταυ-

393 3115 544 3217 ροθέντα
575 3150 613 3195 τε
646 3113 734 3220 ὑπὲρ
768 3117 867 3215 ἡμῶν
900 3117 958 3195 ε’πὶ
992 3116 1147 3194 Ποντίου
1176 3112 1352 3211 Πιλάτου,
1384 3118 1443 3194 καὶ
1457 3147 1491 3206 ¹5

393 3238 566 3340 παθόντα,
585 3246 643 3322 καὶ
660 3243 829 3348 ταφέντα,
849 3247 906 3322 καὶ
923 3241 1132 3322 ἀναστάντα
1149 3249 1194 3348 τῇ
1211 3244 1313 3347 τρίτη
1330 3242 1444 3348 ἡμέρᾳ

393 3366 485 3448 κατὰ
505 3369 570 3454 τὰς
592 3367 748 3475 γραφάς·
778 3372 835 3448 καὶ
858 3367 1056 3450 ἀνελθόντα
1083 3374 1130 3452 εἰς
1152 3365 1235 3453 τοῦς
1262 3367 1442 3472 οὐρανούς,

393 3497 451 3574 καὶ
478 3494 710 3599 καθεζόμενον
737 3499 776 3576 έκ
804 3497 930 3604 δεξιῶν
957 3504 1021 3576 τοῦ
1049 3495 1207 3600 Πατρός·
1244 3499 1303 3576 καὶ
1330 3495 1444 3577 πόλιν

391 3617 583 3722 ἐρχόμενον
600 3621 691 3716 μετὰ
708 3621 816 3728 δόξης
835 3630 950 3726 κρῖναι
975 3621 1105 3724 ζῶντας
1133 3625 1191 3701 καὶ
1213 3621 1368 3724 νεκρούς·
1399 3619 1443 3699 οῦ

391 3753 455 3847 τῆς
480 3753 670 3844 βασιλείας
698 3752 762 3830 ούκ
784 3749 888 3829 ἔσται
910 3749 1023 3834 τέλος·
1059 3754 1132 3830 Καὶ
1153 3756 1202 3833 εἰς
1223 3749 1267 3830 τό
1293 3755 1442 3848 Πνεῦμα
1453 3776 1493 3815 20

389 3875 433 3955 τὸ
466 3873 578 3978 ἅγιον,
605 3875 648 3958 τό
683 3875 827 3980 Κύριον,
857 3880 916 3956 καὶ
948 3874 990 3956 τό
1021 3875 1268 3981 ζωοποιόν,
1232 3911 1274 3957 το
1307 3880 1346 3958 έκ
1376 3884 1442 3957 τοῦ

391 4002 580 4106 Πατρός’
562 4002 846 4161 εκπορευόμενον,
863 4001 906 4084 τό
931 4002 1002 4084 σῦν
1026 4007 1144 4107 Πατρι
1163 4038 1222 4084 και
1208 4008 1323 4110 Υίῷ
1340 4038 1437 4105 συμ-

388 4129 712 4232 προσκυνούμενον,
748 4166 807 4211 και
842 4128 1225 4288 συνδοξσᾷόρεγον,
1189 4165 1231 4210 το
1267 4135 1441 4230 λαλῆσαν

389 4255 448 4334 διὰ
474 4264 547 4336 τῶν
573 4265 783 4365 προφητῶν·
819 4263 883 4343 Εἰς
911 4260 996 4356 μίαν
1028 4258 1135 4360 ἁγίαν
1160 4256 1354 4357 καθολικὴν
1382 4261 1441 4338 καὶ

388 4382 636 4485 ἀποστολικὴν
662 4386 871 4484 ἐκκλησίαν·
906 4387 1154 4488 ὁμολογοῦμεν
1182 4383 1220 4465 ἓν
1247 4387 1491 4494 βαπτίσμαςς
