3294 5192
581 1150 730 1225 FIDES
757 1150 955 1224 NICAENI
978 1151 1234 1238 CONCILH;

380 1363 495 1422 Extsns
515 1371 583 1422 ente
602 1361 739 1422 Codieem
757 1360 910 1420 Cenonum
931 1361 1071 1422 Veterem
1086 1361 1226 1422 Ecclesia
1247 1361 1428 1432 Romnum

400 1441 450 1502 Fr.
462 1443 579 1503 Pitboeo
589 1442 771 1511 adornatum,
784 1441 877 1501 Puris.
892 1461 908 1501 e
919 1441 1112 1522 typographis
1126 1441 1206 1521 regin
1218 1441 1305 1519 1687,
1317 1463 1346 1523 p.
1360 1461 1407 1504 απ.

420 1612 582 1680 Ounnmns
603 1613 637 1679 in
659 1633 757 1678 unum
779 1612 885 1678 Deum
910 1613 1053 1693 Patrem,
1076 1613 1337 1700 omnipotentem,
1362 1637 1428 1681 om-

376 1716 465 1783 nium
472 1715 641 1782 visibilium
651 1737 773 1781 necnon
784 1721 818 1780 et
827 1715 1028 1781 invisibilium
1036 1716 1213 1783 sertorem:
1230 1716 1318 1784 Etin
1329 1740 1427 1784 unum

375 1821 548 1887 Dominum
562 1826 708 1885 nostrum
721 1818 745 1884 J
747 1840 836 1884 esum
849 1818 1023 1895 Christum,
1040 1819 1158 1885 Filium
1172 1821 1244 1902 Dei,
1259 1827 1373 1888 natum
1387 1840 1453 1900 exs

377 1923 486 2004 Patre,
502 1923 711 2010 unigenitum,
726 1922 788 1987 hoe
805 1929 864 2000 est,
881 1943 921 1987 ex
936 1923 1118 1990 substantie
1133 1923 1251 2004 Petris,
1267 1924 1373 1990 Deum
1386 1947 1427 1990 ex

376 2027 456 2108 Deo,
471 2028 578 2093 lumen
598 2048 640 2093 ex
659 2025 786 2104 iumine,
802 2023 908 2091 Deum
929 2047 1038 2092 verum
1060 2049 1101 2092 ex
1121 2027 1194 2092 Deo
1214 2049 1299 2106 vero,
1314 2034 1428 2094 natum

375 2150 440 2196 non
454 2136 606 2208 ereetum,
621 2125 818 2205 homousion,
833 2126 895 2192 hoe
909 2133 968 2207 est,
984 2127 1126 2214 ejusdem
1141 2129 1339 2195 substnntiae.
1362 2131 1427 2195 Per

375 2254 470 2320 quem
483 2232 590 2298 omnis
610 2229 699 2296 seete
715 2235 800 2309 sunt,
816 2229 959 2296 eoelestie
978 2236 1012 2296 et
1030 2238 1169 2297 terrene.
1215 2231 1277 2314 Qui
1293 2239 1427 2319 propter

374 2357 433 2401 nos
446 2336 600 2414 homines,
615 2340 650 2400 et
669 2339 802 2420 propter
815 2332 952 2398 sulutem
966 2341 1119 2412 nostrum,
1135 2335 1308 2415 deseendit,
1324 2343 1358 2401 et
1378 2335 1426 2400 iu·
1438 2365 1473 2406 10

373 2445 525 2504 uenustus
539 2444 609 2512 est3
633 2443 667 2500 et
677 2435 773 2499 homo
782 2434 887 2500 faetus
900 2457 1013 2521 pessus
1024 2443 1083 2515 est,
1095 2443 1129 2502 et
1138 2436 1312 2502 resurrexit
1326 2437 1426 2504 tertio

375 2540 437 2606 die.
481 2537 638 2604 Ascendit
659 2536 693 2600 in
714 2535 838 2615 omium,
854 2543 1005 2602 venturus
1026 2538 1101 2604 inde
1119 2537 1264 2624 judieere
1282 2538 1369 2604 vivos
1390 2547 1425 2606 et

377 2649 530 2707 mortuos.
553 2640 599 2704 Et
614 2640 647 2704 in
662 2638 816 2724 Spiritum
832 2639 995 2704 Senetum.
1018 2639 1085 2706 Eos
1098 2647 1208 2706 eutem
1223 2640 1278 2725 qui
1292 2641 1423 2718 dieunt3

371 2745 454 2811 Erat
476 2751 603 2829 tempus
623 2741 751 2827 quando
772 2763 837 2806 non
859 2749 939 2821 eret,
964 2749 998 2808 et
1019 2743 1205 2829 priusquam
1226 2751 1421 2824 nasceretur,

369 2870 434 2915 non
449 2853 529 2921 eret,
545 2851 579 2910 et
593 2845 668 2929 quie
679 2865 719 2909 ex
733 2841 826 2908 nullis
841 2843 1086 2910 subsistentibus
1100 2845 1204 2912 iaetus
1218 2853 1288 2923 est;
1311 2853 1469 2924 auteurs

369 2952 434 3018 elie
455 2947 645 3026 substantie,
663 2946 712 3011 vel
729 2945 877 3024 essentie,
892 2945 1003 3014 dieunt
1024 2969 1093 3012 esse
1115 2955 1257 3034 trepton,
1276 2947 1338 3014 boe
1358 2955 1422 3028 est,

370 3052 616 3131 convertibilem,
625 3057 683 3117 eut
692 3049 877 3115 mutabilem
887 3049 1004 3115 Filium
1013 3049 1090 3127 Dei;
1103 3049 1162 3116 bos
1171 3050 1423 3118 anathematizet

371 3158 528 3224 catholiea
542 3163 577 3221 et
590 3151 767 3241 apostolice
781 3152 922 3218 eeclesia.
