3310 5224
421 458 465 524 36
632 459 982 523 FRAGMENTUM
1007 457 1256 522 EPISTOLAE

421 636 581 713 ἑνοῦνται
612 633 714 737 αὐτῇ·
759 631 853 711 ὥστε
889 667 932 730 με
969 631 1145 711 δόνασθαι
1182 635 1290 709 εἰπεῖν
1319 632 1377 708 καὶ
1405 625 1470 708 τόν

421 758 533 840 τόπον
551 762 588 838 ἐν
607 755 636 866 ᾧ
654 757 883 862 καθεζόμενος
901 759 1078 861 διελέγετο
1104 759 1124 837 ὁ
1147 757 1319 861 μακάριος
1338 757 1466 837 Πολυί-

422 922 568 990 καρπος,
586 890 645 966 καὶ
662 885 727 970 τὰς
744 885 918 990 προόδους
937 887 1045 966 αὐτοῦ
1064 888 1122 964 καὶ
1149 883 1213 968 τάς
1233 882 1394 969 εἰσόδους
1411 888 1470 966 καὶ

422 1013 486 1096 τόν
503 1019 711 1119 χαρακτῆρα
731 1023 796 1093 τοῦ
813 1015 906 1111 βίον,
924 1018 984 1093 καὶ
1001 1011 1068 1112 τὴν
1085 1021 1149 1092 τοῦ
1176 1011 1345 1111 σώματος
1363 1011 1470 1110 ἰδέαν,

423 1146 480 1222 καὶ
499 1141 563 1226 τὰς
581 1141 754 1246 διαλέξεις
768 1137 810 1224 ἃς
828 1143 977 1220 ἐποιεῖτο
995 1138 1086 1243 πρὸς
1103 1137 1146 1220 τό
1163 1144 1315 1239 πλῆθος,
1327 1141 1386 1219 καὶ
1403 1137 1495 1239 τὴν5

422 1267 512 1367 μετὰ
522 1266 688 1347 Ἰωάννου
702 1266 1008 1374 συναναστροφὴν
1022 1270 1070 1350 ὡς
1089 1263 1312 1368 ἀπήγγελλε,
1328 1269 1386 1346 καὶ
1403 1264 1470 1367 τὴν

422 1395 603 1494 μετὰτῶν
622 1400 761 1474 λοιπῶν
778 1400 851 1473 τῶν
870 1391 1077 1498 ἑωρακότων
1094 1393 1158 1474 τὸν
1179 1393 1324 1497 Κύριον,
1343 1396 1403 1473 καὶ
1421 1397 1470 1478 ὡς

423 1521 683 1625 ἀπεμνημόνευε
702 1521 785 1605 τοῦς
802 1520 934 1625 λόγους
953 1524 1080 1621 αὐτῶν,
1091 1525 1150 1602 καὶ
1163 1524 1244 1625 περὶ
1259 1529 1323 1600 τοῦ
1336 1521 1471 1624 Κυρίου

423 1651 503 1731 τίνα
527 1647 614 1748 ἦνόι
638 1651 721 1753 παρ’
742 1651 881 1730 ἐκείνων
899 1646 1049 1750 ἀκηκόει·
1079 1653 1138 1728 καὶ
1165 1652 1246 1753 περὶ
1270 1656 1343 1730 τῶν
1361 1649 1467 1729 δυνά-

422 1810 518 1876 μεων
536 1777 655 1874 αῦτοῦ,
674 1778 831 1878 καὶπερὶ
849 1780 913 1875 τῆς
931 1777 1177 1872 διδασκαλίας,
1197 1780 1245 1860 ὡς
1272 1775 1372 1879 παρὰ
1398 1784 1470 1856 τῶν
1483 1817 1519 1856 ιο

424 1906 611 1984 αὐτοπτῶν
630 1907 693 2003 τῆς
712 1901 800 2005 ζωῆς
826 1911 891 1984 τοῦ
918 1901 1031 2005 λόγου
1048 1901 1282 2009 παρειληφὼς
1301 1905 1322 1982 ό
1342 1901 1467 1983 Πολύ·

423 2065 560 2134 καρπος
584 2029 795 2131 ἀπήγγελλε
824 2029 943 2110 πάντα
980 2028 1162 2135 σύμφωνα
1194 2037 1270 2113 ταῖς
1302 2036 1469 2136 γραφαῖς.

814 2154 938 2186 lli!

423 2164 550 2238 Ταῦτα
580 2161 638 2236 καὶ
666 2155 745 2236 τότε
772 2161 831 2235 δια
848 2191 890 2236 το
915 2168 1014 2241 ελεος
1043 2166 1107 2236 τοῦ
1133 2161 1228 2236 Θεοῦ
1252 2154 1294 2237 τὸ
1321 2159 1374 2236 ἐπ’
1395 2159 1471 2256 ἐμοὶ

423 2281 571 2386 γεγονὸς
591 2284 795 2366 σπουδαίως
817 2282 956 2382 ἤκουον,
986 2281 1354 2385 ῦπομνηματιζόμενος
1381 2283 1473 2363 αὐτὰ

424 2413 488 2492 οῦκ
507 2414 545 2490 ἐν
561 2407 688 2515 χάρτη,
708 2412 790 2488 ἀλλ’
811 2413 849 2489 ἐν
867 2416 912 2514 τῇ
930 2413 997 2514 ἐμῇ
1014 2409 1152 2516 καρδίᾳ·
1183 2414 1240 2489 καὶ
1259 2412 1312 2490 ἀεὶ
1331 2409 1389 2490 διὰ
1407 2408 1472 2510 τὴν
1485 2452 1495 2491 ι
1502 2453 1518 2510 5

423 2538 530 2644 χάριν
561 2545 624 2618 τοῦ
655 2542 750 2617 Θεοῦ
781 2537 939 2639 γνησίως
973 2537 1064 2618 αὐτὰ
1096 2541 1384 2641 ἀναμαρυκῶμαι·
1414 2540 1472 2616 καὶ

423 2665 575 2764 δόναμαι
593 2663 904 2768 διαμαρτύρασθαι
930 2664 1135 2769 ἔμπροσθεν
1152 2673 1216 2744 τοῦ
1245 2669 1350 2762 Θεοῦ,
1370 2663 1425 2744 ότι
1443 2663 1476 2743 εἴ

423 2827 458 2872 τι
485 2799 644 2871 τοιοῦτον
668 2790 809 2891 ἀκηκόει
832 2795 960 2877 ἐκεῖνος
984 2796 1003 2872 ὁ
1031 2791 1202 2896 μακάριος
1230 2794 1288 2872 καὶ
1313 2794 1472 2872 άποστο-

424 2920 524 3003 λικὸς
550 2918 805 3022 πρεσβύτερος,
829 2917 1032 3027 ἀνακράξας
1057 2918 1102 2998 ἂν
1131 2923 1189 2999 καὶ
1213 2918 1400 3026 ἐμφράξας
1427 2919 1474 2998 τὰ

422 3141 481 3198 que
495 3121 612 3200 penitus
626 3121 776 3180 inhaerent.
798 3122 883 3182 Adeo
894 3134 927 3181 ut
970 3123 1110 3192 doctrina,
1126 3134 1214 3201 prout
1228 3123 1264 3182 ab
1279 3124 1314 3182 iis
1330 3123 1381 3200 qui
1396 3122 1472 3181 Ver.

424 3213 454 3260 et
468 3201 564 3261 locum
579 3203 674 3282 ipsum
695 3202 802 3281 possim
823 3201 927 3271 dicere,
970 3204 1039 3262 bum
1070 3203 1138 3262 vitae
1173 3203 1227 3282 ipsi
1263 3213 1473 3283 conspexerant

424 3283 454 3340 iu
474 3303 533 3360 qno
552 3282 734 3342 beatissimus
749 3282 929 3363 Polycarpus
971 3283 1150 3362 Polycarpus
1184 3298 1342 3362 acceperat,
1370 3283 1472 3342 eodem

425 3363 527 3421 sedena
555 3363 742 3433 disserebat;
778 3382 928 3441 processus
970 3383 1088 3443 prorsus
1123 3363 1210 3421 modo
1252 3365 1405 3433 referebat,
1440 3363 1471 3420 in

424 3462 540 3520 quoque
554 3443 619 3519 ejus
632 3453 662 3500 et
676 3443 831 3520 ingressus,
848 3444 929 3501 vitae·
968 3445 1104 3502 omuibus
1126 3463 1191 3502 cum
1218 3444 1370 3523 Scriptura
1393 3463 1473 3502 saera

425 3542 481 3599 que
495 3523 587 3581 totius
609 3523 741 3588 formam,
756 3534 786 3582 et
800 3523 929 3601 corporis
968 3524 1161 3582 consentiens.
1206 3524 1280 3582 llaec
1300 3544 1354 3602 ego
1373 3523 1472 3580 divina

425 3602 549 3680 speciem
574 3625 583 3672 ;
618 3623 765 3661 sermones
803 3602 929 3680 denique
969 3604 1040 3661 mihi
1065 3604 1207 3681 largiente
1229 3603 1382 3663 clementia
1401 3614 1473 3661 tunc

425 3702 499 3760 quoa
517 3681 554 3740 ad
570 3681 712 3762 populum
732 3683 873 3753 habebat;
899 3694 929 3741 et
969 3684 1117 3742 studiosus
1152 3683 1313 3750 audiebam,
1347 3704 1406 3742 non
1441 3682 1473 3740 in

426 3761 595 3822 familiarem
606 3762 928 3840 consuetudinem,quoe
970 3763 1069 3822 charta
1083 3764 1134 3821 sed
1148 3765 1178 3821 in
1193 3765 1279 3822 corde
1294 3784 1358 3822 meo
1373 3763 1474 3822 audita

426 3841 467 3900 illi
493 3862 560 3900 curn
581 3842 707 3910 Joanue,
729 3853 763 3900 ut
784 3844 927 3908 narrabat.
970 3843 1153 3902 describens:
1176 3844 1334 3922 eademque
1348 3863 1400 3922 per
1414 3842 1473 3901 Dei

425 3933 455 3981 et
469 3942 535 3982 cunr
556 3922 676 3999 reliquia
696 3923 746 3999 qui
767 3922 927 3980 Dominum
970 3925 1092 4001 gratiam
1115 3923 1229 3983 assidue
1251 3936 1353 4003 repeto
1376 3943 1409 3982 ac
1429 3942 1475 3981 re·

425 4003 519 4081 ipsum
541 4002 688 4068 vidissent,
711 4003 927 4061 intercesserat:
971 4004 1065 4061 volvo.
1109 4003 1150 4063 Et
1174 4005 1205 4061 in
1233 4013 1390 4082 conspectu
1415 4002 1474 4060 Dei

425 4093 455 4140 et
468 4081 594 4158 qualiter
613 4083 691 4142 dicta
711 4082 827 4140 illorum
850 4103 928 4141 com-
971 4084 1112 4142 affirmare
1139 4103 1268 4162 possum,
1291 4085 1409 4142 beatum
1437 4081 1474 4140 il.

425 4162 611 4228 memorabat,
633 4173 664 4221 et
683 4181 865 4240 quacunque
893 4163 929 4222 de
971 4162 1031 4221 lum
1056 4174 1087 4222 et
1109 4164 1298 4242 apostolicum
1323 4164 1474 4243 presbyte-

427 4241 556 4299 Domino
566 4241 713 4300 abiisdern
725 4243 867 4302 audierat.
883 4242 930 4301 De
971 4263 1046 4313 rum,
1062 4244 1172 4321 siquid
1188 4243 1331 4320 ejusmodi
1345 4263 1474 4322 unquam

422 4320 573 4378 miraculis
596 4341 713 4398 qunque
738 4322 817 4380 illius
839 4343 872 4380 ac
894 4321 930 4381 de
966 4324 1121 4394 audiisset,
1136 4323 1365 4383 exclamaturum
1380 4322 1475 4382 conti.
