3326 5200
409 475 475 542 238
792 475 1080 542 FIRMlLlANl

410 653 556 721 tionem.
607 649 700 720 Cum
717 651 792 722 hoec
807 659 896 722 tunc
911 651 1037 744 utique
1052 649 1248 744 proliciunt,
1261 651 1404 742 quando
1420 659 1458 722 et

410 769 470 858 qui
497 767 655 859 baptizat
679 765 789 837 habet
814 765 988 859 Spiritum
1012 765 1195 848 Sanctum,
1221 774 1259 836 et
1283 766 1458 858 baptisma

410 905 551 974 quoque
568 884 683 975 ipsum
700 905 770 952 non
789 884 835 952 sit
851 885 928 952 sine
946 882 1082 975 Spiritu
1099 884 1344 953 constitutum.
1384 881 1456 952 Sed

410 999 534 1069 dicunt
565 1021 648 1068 eum
682 1000 742 1090 qui
777 1000 1096 1091 quomodocunque
1130 998 1213 1068 foris
1247 999 1456 1091 baptizatur,

409 1123 532 1184 mente
549 1123 587 1184 et
603 1114 674 1184 lide
691 1137 764 1196 sua,
782 1115 948 1207 baptismi
965 1116 1116 1208 mium
1142 1114 1309 1206 consequi
1334 1135 1437 1206 posse
1448 1120 1484 1185 :5

410 1232 504 1323 quod
522 1239 560 1300 et
573 1233 689 1324 ipsum
706 1230 782 1300 sine
796 1230 904 1301 dubio
918 1230 1107 1302 ridiculum
1121 1239 1185 1314 est,
1196 1232 1295 1323 quasi
1309 1231 1354 1301 de
1367 1229 1456 1301 coelo

409 1347 585 1418 adducere
618 1346 663 1417 ad
697 1369 735 1416 se
769 1348 879 1439 possit
911 1357 975 1417 aut
1008 1369 1109 1418 mens
1142 1369 1250 1439 prava
1277 1348 1457 1438 justorum

408 1464 733 1545 sanctificationem,
746 1470 810 1532 aut
822 1463 910 1533 fides
923 1461 1011 1533 falsa
1023 1463 1244 1533 credentium
1258 1464 1455 1534 veritatem.

409 1579 495 1648 Non
514 1601 637 1650 omnes
662 1586 783 1649 autem
809 1580 869 1671 qui
895 1601 1026 1649 nomen
1046 1579 1179 1650 Christi
1202 1582 1377 1662 invocant,
1395 1603 1457 1649 au-

408 1697 486 1778 diri,
514 1705 552 1765 et
580 1697 841 1766 invocationem
868 1717 967 1765 suam
997 1693 1090 1790 (sor.
1121 1697 1343 1766 invocatione
1377 1699 1455 1789 sua)
1470 1717 1506 1756 ¹0

408 1813 575 1904 consequi
600 1812 733 1904 aliquid
763 1813 884 1905 gratiae
907 1833 1019 1904 posse,
1044 1811 1220 1882 Dominus
1245 1812 1320 1904 ipse
1345 1813 1457 1881 mani-

337 1947 379 1994 ι···
409 1931 516 2000 festat
533 1930 673 1999 diceus:
699 1926 810 1999 Multi
835 1927 968 1999 cenent
985 1927 1023 1996 io
1041 1928 1179 1998 oomiue
1196 1950 1268 1998 meo
1285 1926 1433 1998 dicenter
1443 1952 1455 2007 ,·

263 2046 270 2060 '
409 2068 468 2141 epo
484 2067 561 2114 sum
579 2041 750 2127 Christus,
768 2053 799 2115 et
816 2042 938 2116 multos
948 2040 1101 2137 sallent:
1129 2042 1227 2113 nulla
1243 2045 1373 2136 quippe
1390 2044 1456 2114 dii-

407 2163 558 2232 ferentia
587 2169 643 2231 est
668 2161 762 2231 inter
794 2159 1138 2254 pseudoprophetam
1164 2167 1202 2230 et
1233 2158 1453 2230 hoereticum.

408 2277 506 2349 Nam
535 2287 577 2347 ut
602 2276 663 2347 ille
691 2279 728 2347 in
748 2278 893 2347 nomine
911 2275 980 2346 Dei
1004 2284 1067 2346 aut
1090 2274 1232 2357 Christi,
1250 2277 1302 2345 ita
1326 2277 1393 2346 istc
1418 2278 1504 2354 in15

407 2401 627 2465 sacramento
669 2393 835 2484 baptismi
886 2391 988 2462 fallit.
1072 2391 1264 2462 Mendacio
1306 2401 1456 2486 uterque

407 2511 535 2579 nititur
558 2509 603 2578 ad
630 2509 854 2599 decipiendas
879 2508 1065 2578 homiuum
1086 2507 1299 2579 voluntates.

270 2641 278 2688 r
331 2641 336 2718 j
458 2625 568 2698 VIII.
579 2624 678 2696 Volo
690 2632 811 2695 autem
825 2625 924 2695 vobis
937 2633 975 2695 et
988 2626 1033 2694 de
1046 2623 1193 2695 historic
1203 2623 1215 2713 (
1217 2623 1295 2731 for.
1309 2623 1454 2696 addend.

241 2722 283 2819 ΜΞ
333 2785 392 2819 rme.
407 2743 472 2835 rei)
490 2765 572 2834 quae
588 2742 682 2834 apud
699 2763 763 2811 nos
784 2741 879 2811 laeta
895 2749 959 2822 est,
978 2763 1156 2833 exponere
1179 2742 1223 2811 ad
1247 2742 1315 2812 hoc
1338 2743 1454 2834 ipsum

241 2869 297 2950 mg,
367 2864 377 2941 j
406 2857 616 2950 pertinente.
668 2854 768 2926 Ante
786 2858 911 2950 viginti
936 2859 1032 2926 enim
1055 2866 1094 2928 et
1120 2858 1208 2928 duos
1234 2858 1308 2927 fere
1332 2879 1453 2940 anuos,
1466 2882 1505 2922 πο

241 2967 347 3081 ωτι
406 2972 625 3066 temporibus
651 2981 732 3064 post
762 2971 1009 3042 Alexandrum
1038 2973 1305 3064 Imperatorem,
1331 2973 1454 3044 multa

405 3090 486 3160 istic
519 3087 798 3159 conflictationes
831 3097 870 3158 et
896 3111 1064 3181 pressurae
1089 3090 1304 3173 acciderunt,
1329 3089 1386 3159 vel
1415 3089 1454 3158 in

404 3227 594 3276 commuue
615 3204 778 3275 omnibus
802 3204 1015 3287 homiuibus,
1033 3204 1090 3274 vel
1115 3207 1280 3298 privatim
1306 3205 1454 3276 Christi-

405 3323 501 3404 anis;
527 3330 628 3392 terrae
649 3322 758 3390 etiam
783 3331 903 3391 motus
923 3321 1065 3414 plurimi
1084 3330 1121 3391 et
1139 3320 1343 3412 frequentes
1360 3322 1453 3391 exti-

406 3445 537 3520 terunt,
555 3445 597 3506 ut
612 3447 650 3506 et
667 3457 731 3529 per
751 3435 1010 3528 Cappadociam
1028 3445 1066 3506 et
1082 3459 1147 3529 per
1165 3435 1321 3507 Pontum
1338 3435 1453 3506 multa
1464 3463 1502 3523 25

406 3554 627 3634 subruerent,
653 3553 816 3644 quoedam
842 3553 951 3622 etiam
981 3553 1142 3623 civitates
1171 3553 1208 3621 in
1237 3553 1452 3645 profrrudum

405 3679 566 3763 recepte,
584 3668 716 3760 dirupti
741 3665 806 3737 soli
832 3666 933 3740 hiatu
959 3669 1221 3751 devorarentur,
1242 3677 1285 3738 ut
1312 3691 1358 3740 ex
1384 3667 1453 3739 hoo

404 3785 603 3879 persecutio
631 3805 772 3875 quoque
805 3785 921 3876 gravis
954 3785 1141 3856 adversum
1171 3807 1236 3855 nos
1261 3783 1452 3855 Christiani

404 3903 557 3972 nominis
573 3902 684 3971 lieret.
714 3899 805 3984 Qrae
821 3909 902 3993 post
918 3900 1061 3996 longam
1078 3909 1173 3970 retro
1191 3901 1309 3971 aetatis
1324 3919 1451 3992 paoem

402 4027 551 4110 repente
566 4018 702 4100 oborta,
721 4017 766 4087 de
783 4017 965 4108 inopinato
990 4027 1029 4088 et
1045 4018 1185 4087 insueto
1203 4015 1297 4086 malo
1314 4017 1358 4086 ad
1376 4025 1504 4096 tur-30

404 4135 560 4204 bandum
594 4132 766 4226 populum
800 4141 960 4204 nostrum
994 4132 1185 4204 terribilior
1221 4130 1350 4203 effecta
1384 4140 1450 4203 est.

405 4251 616 4321 Serenianus
633 4258 720 4322 tuno
738 4250 806 4322 fuit
819 4251 855 4319 in
873 4258 993 4320 nostra
1009 4249 1189 4342 provincia
1200 4269 1341 4340 praeses,
1354 4269 1452 4319 acer-

404 4367 470 4436 bus
487 4374 524 4434 et
542 4366 638 4435 dirus
654 4375 867 4457 persecutor.
903 4366 946 4436 In
964 4365 1029 4436 hac
1047 4374 1168 4454 autem
1184 4365 1451 4456 perturbatione
