3316 5198
419 497 462 565 70
778 495 811 557 S.
833 491 1104 557 HIPPOLYTI

418 667 491 772 γὰρ
509 667 569 766 εἷς,
587 664 768 771 πρόσωπα
785 664 824 746 δὲ
842 664 917 762 δύο,
935 663 991 743 ὅτι
1009 665 1068 742 καὶ
1086 665 1106 742 ὁ
1126 661 1223 759 Υἱὸς,
1237 660 1279 740 τὸ
1295 659 1468 763 δὲτρίτον

419 794 461 875 τὸ
480 793 583 895 ἅγιον
602 798 761 894 Πνεῦμα
809 789 938 896 Πατὴρ
957 789 1175 884 ἐισέλλεται,
1197 785 1317 889 Λόγος
1339 789 1468 868 ἀποτε-

419 927 487 1019 λεῖ,
504 919 593 1005 Υἱὸς
610 919 649 1000 δέ
667 921 850 1017 δείκνυται,
868 921 911 999 δι’
930 918 971 998 οὗ
991 915 1121 1021 Πατὴρ
1137 916 1354 997 πιστεύεται.
1400 919 1467 994 Oi-

419 1049 568 1154 κονομία
588 1048 659 1148 (for.
681 1050 739 1127 καὶ
757 1046 952 1152 οἰκονομίᾳ)
974 1045 1188 1150 συμφωνίας
1205 1040 1400 1144 συνάγεται
1418 1047 1467 1126 είς

419 1177 482 1256 ἕνα
499 1174 605 1274 Θεὸν,
620 1175 669 1262 εἷς
686 1173 758 1278 γόρ
772 1177 872 1254 ἐστιν
886 1175 906 1252 ὁ
918 1172 1022 1270 Θεὸς,
1035 1174 1084 1254 ‘O
1096 1169 1167 1276 γὰρ
1184 1172 1254 1270 (for.
1263 1168 1318 1250 ‘O
1333 1177 1390 1274 γε)
1403 1205 1462 1250 κε·
1476 1205 1492 1265 5

419 1303 546 1402 λεόων,
565 1301 706 1406 Πατὴρ,
724 1305 745 1382 ό
763 1300 800 1381 δέ
819 1299 1016 1396 ὑπακούων,
1035 1297 1132 1397 Υἱός,
1150 1296 1193 1377 τὸ
1218 1297 1256 1377 δέ
1273 1295 1466 1399 συνετίζον,

419 1426 522 1532 ἅγιον
541 1435 702 1528 Πνεῦμα.
751 1432 800 1508 Ὁ
825 1425 875 1507 ὧν
896 1429 967 1527 (for.
987 1428 1064 1535 οὖν)
1086 1425 1217 1530 Πατὴρ
1235 1428 1292 1506 ἐπὶ
1309 1425 1465 1522 πόντων,

419 1558 440 1636 ὁ
458 1555 497 1636 δέ
514 1557 602 1640 Υἱός
620 1554 678 1637 διὰ
695 1554 852 1653 πάντων,
870 1552 912 1634 τὸ
931 1554 969 1634 δὲ
992 1552 1095 1655 ἅγιον
1114 1557 1263 1653 Πνεῦμα
1281 1555 1319 1631 ἐν
1336 1559 1463 1633 πᾶσιν.

412 1681 567 1768 Ἀλλως
594 1718 633 1764 τε
658 1684 719 1765 ἕνα
747 1681 842 1764 θεὸν
870 1683 1015 1781 νομίσαι
1042 1679 1093 1782 μὴ
1121 1678 1310 1779 δυνάμεθα,
1328 1678 1390 1759 ἐὰν
1416 1679 1467 1779 μὴ

418 1810 530 1896 ὅπως
547 1816 667 1915 Πατρὶ
686 1816 744 1891 καὶ
761 1817 839 1918 Υὶῷ
857 1814 916 1889 καὶ
941 1811 1032 1916 ἁγίερ
1051 1809 1235 1907 Πνεόματι
1255 1808 1463 1888 πιστεύσω·
1482 1844 1517 1883 ιο

417 1972 494 2039 μεν.
538 1939 702 2018 Ἰουδαῖοι
729 1937 794 2037 μὲν
822 1935 893 2040 γὰρ
917 1935 1098 2042 ἐδόξασαν
1116 1935 1274 2040 Πατέρα,
1299 1937 1383 2016 ἀλλ’
1404 1937 1468 2015 οὐκ

415 2067 703 2172 ηὗχαρίττησαν,
720 2065 823 2145 Ὓίὸν
850 2061 921 2167 γὰρ
941 2065 1004 2144 οὐκ
1031 2065 1253 2166 ἐπέγνωσαν.
1295 2066 1467 2164 Μαθηταὶ

417 2193 626 2295 ἐπέγνωσαν
649 2191 760 2290 Ὺίὸν,
784 2193 869 2270 ἀλλ’
894 2193 958 2270 οὐκ
984 2194 1022 2271 ἐν
1050 2192 1232 2291 Πνειίματι
1251 2190 1353 2299 ἁγίῳ,
1372 2192 1415 2270 δι’
1446 2188 1467 2269 ὃ

418 2322 477 2399 καὶ
495 2318 709 2423 ἠρνήσαντο.
751 2319 947 2399 Γινιόσκων
967 2320 1028 2399 οὖν
1048 2323 1067 2399 ὀ
1085 2326 1251 2428 πατρῷος
1265 2316 1385 2420 Λόγος
1402 2316 1468 2419 τὴν

418 2448 619 2546 οἰκονομίαν
637 2449 696 2526 καὶ
714 2446 756 2526 τὸ
776 2447 917 2548 θέλημα
934 2457 998 2528 τοῦ
1017 2448 1173 2551 Πατρός,
1192 2447 1247 2526 ὅτι
1263 2448 1327 2527 οὐκ
1343 2446 1468 2530 ἄλλως
1480 2491 1489 2529 ι
1497 2489 1515 2548 5

415 2575 587 2670 βούλεται
624 2572 838 2682 δοξάζεσθαι
871 2576 891 2653 ό
924 2573 1054 2679 Πατὴρ
1084 2573 1108 2676 ἢ
1142 2573 1269 2671 οίτως,
1305 2572 1467 2658 ἀναστὰς

415 2702 619 2804 παρέδωκεν
636 2709 709 2786 τοῖς
726 2708 902 2803 μαθηταῖς
920 2702 1049 2805 λέγων·
1091 2701 1328 2806 Πορευθέντες
1344 2708 1463 2803 nasim

416 2828 567 2907 τεόσατε
594 2829 713 2910 πάντα
740 2829 786 2909 τὰ
814 2830 908 2932 ἔθνη,
936 2828 1166 2932 βαπτίζοντες
1194 2829 1322 2913 αὐτοὺς
1350 2837 1398 2914 εἰς
1422 2828 1466 2908 τὸ

416 2955 531 3055 ὄνομα
548 2964 612 3037 τοῦ
626 2955 774 3061 Πατρός
792 2960 850 3036 καὶ
867 2967 932 3037 τοῦ
952 2963 1051 3054 Υὶοῦ,
1066 2960 1125 3036 καὶ
1143 2963 1207 3036 τοῦ
1225 2957 1329 3059 ἁγίου
1344 2958 1463 3037 Πνεό·

416 3176 462 3226 ter
475 3167 593 3244 quidem
609 3188 694 3236 unus,
710 3188 840 3248 personae
853 3187 922 3227 vero
964 3167 1041 3226 Filio
1062 3179 1092 3227 et
1110 3167 1234 3247 Spiritui
1253 3167 1284 3227 S.
1305 3167 1463 3228 credamus.

416 3246 492 3315 ἀνω,
508 3249 576 3326 quis
588 3247 683 3308 Filius
693 3272 702 3320 ς
724 3250 920 3308 tertissutem
964 3248 1083 3307 Etenim
1104 3248 1202 3306 Judaei
1223 3249 1342 3308 Patrem
1355 3248 1465 3328 glorifi-

418 3325 547 3406 Spiritus
561 3328 697 3389 Sanetus.
732 3330 820 3388 Pater
839 3347 921 3386 man.
962 3339 1110 3396 caverunt,
1125 3329 1176 3387 sed
1189 3348 1249 3387 non
1263 3340 1387 3408 egerunt
1400 3349 1465 3408 gm-

416 3406 478 3474 dat,
489 3408 620 3468 Verbum
631 3409 754 3489 perficit,
765 3408 860 3467 Filius
870 3429 922 3467 su·
962 3409 1036 3474 tissz
1053 3407 1196 3487 siquidem
1211 3430 1270 3468 non
1285 3421 1466 3488 agnoverunt

417 3497 476 3546 tem
488 3489 662 3558 ostenditur,
674 3509 822 3569 perquem
833 3490 922 3548 Pater
964 3489 1083 3548 Filium.
1120 3489 1266 3570 Discipuli
1285 3502 1466 3569 agnoverunt

417 3567 554 3627 creditur.
602 3570 777 3630 OEconomia
801 3589 921 3629 consen·
964 3569 1074 3629 Filium
1083 3570 1134 3630 sed
1144 3591 1202 3630 non
1212 3571 1242 3628 in
1252 3571 1367 3651 Spiritu
1376 3571 1465 3630 sane-

416 3648 505 3707 sioni
513 3649 655 3728 redigitur
664 3651 700 3710 sd
709 3671 801 3709 unum
813 3650 920 3719 Deum,
963 3661 1004 3718 to,
1019 3651 1127 3710 idcirco
1140 3662 1331 3729 negaverunt.
1365 3651 1467 3710 Sciens

416 3747 495 3788 unus
508 3730 586 3788 enim
604 3742 650 3790 est
665 3731 757 3798 Deus,
773 3731 823 3809 qui
838 3752 919 3790 man·
961 3731 1049 3810 igitur
1069 3731 1202 3791 Verbum
1224 3731 1331 3800 Patris,
1350 3752 1466 3791 oeeono.

417 3807 478 3878 dat,
494 3809 597 3882 Putem
620 3813 671 3889 qui
682 3811 791 3882 obedit,
808 3811 918 3879 Filius;
961 3813 1049 3872 mism
1078 3823 1108 3871 et
1139 3811 1321 3872 voluntatem
1358 3812 1464 3879 Patris,

416 3889 468 4028 gui
494 3888 579 3950 docet
603 3892 763 3962 scientiam,
793 3892 922 3970 Spiritus
962 3892 1040 3971 quod
1052 3913 1109 3951 non
1122 3890 1186 3950 vult
1200 3893 1284 3952 aliter
1300 3893 1389 3953 Pater
1401 3893 1466 3972 glo.

441 3981 552 4030 anctus.
595 3972 684 4031 Pater
703 3973 753 4051 qui
771 3984 815 4031 est
834 3994 922 4052 ςυρετ
962 3974 1077 4044 dicari,
1091 3974 1147 4032 nisi
1163 3974 1222 4043 sic;
1238 3994 1303 4032 cum
1315 3993 1465 4033 resurrex.

416 4049 521 4117 munia,
534 4051 629 4111 Filius
640 4053 847 4132 ριτοιααὶσ,8
869 4053 919 4112 iri·
961 4055 1039 4122 isset‚
1065 4053 1186 4113 tradidit
1212 4054 1268 4114 hoc
1294 4054 1464 4134 discipulis;

418 4137 467 4186 tus
477 4128 602 4190 Sanctus
613 4133 642 4192 in
653 4135 790 4194 omnibus.
822 4074 920 4194 Aiiter
961 4135 1100 4202 assantes.
1125 4135 1232 4212 inquit,
1254 4136 1349 4194 docete
1371 4155 1466 4194 οουιει

417 4205 517 4266 Deum
548 4231 640 4270 unum
672 4215 834 4294 intelligere
862 4235 921 4273 non
959 4225 1068 4295 gentes,
1093 4216 1272 4295 baptizantes
1296 4237 1341 4276 eos
1362 4216 1392 4274 ιἰι
1416 4237 1464 4274 τιο-

417 4307 581 4367 possumus,
606 4293 661 4351 nisi
690 4315 758 4355 vere
787 4295 868 4355 Patri
890 4306 921 4355 et
962 4296 1036 4356 mine
1046 4297 1158 4365 Patris,
1169 4305 1195 4356 et
1208 4297 1467 4377 FilisetSpiritus

818 4451 829 4474 ¹
840 4441 913 4492 Mati.
924 4443 1010 4492 xxviii.
1027 4457 1064 4511 19.
