3294 5192
796 472 1013 536 CANONES

770 735 972 811 ΚΑΝΩΝ
1002 737 1046 808 A.

439 884 506 987 Μὴ
525 888 728 964 ἀθετεῖσθαι
739 879 807 982 τὴν
823 882 950 962 πίστιν
966 885 1040 958 τῶν
1057 875 1221 980 πατέρων
1242 882 1316 954 τῶν
1332 907 1429 977 τρια-

381 1015 516 1095 κοσίων
533 1009 711 1093 δεκαοκτὼ
729 1017 801 1090 τῶν
819 1012 857 1089 ἐν
874 1008 1009 1113 Νικαίιρ
1025 1010 1090 1106 τῆς
1108 1003 1274 1085 Βιθυνίας
1292 1011 1427 1081 συνελ-

382 1140 532 1224 θόντων·
562 1138 663 1220 ἀλλὰ
687 1137 802 1239 με’νειυ
825 1137 959 1234 ἐκείνην
983 1135 1117 1237 κυρίαν,
1136 1135 1194 1211 καὶ
1212 1134 1426 1230 ἀναθεματι·

383 1272 516 1367 σθῆναι
532 1273 658 1347 πᾶσαν
676 1267 825 1370 αἵρεσιν·
857 1265 916 1343 καὶ
935 1264 1051 1344 ῖδικῶς
1068 1259 1135 1360 τὴν
1155 1264 1228 1339 τῶν
1247 1257 1459 1356 Edem-5

383 1401 464 1493 νῶν,
482 1394 596 1475 είτουν
613 1391 826 1492 Ἀνομοίων·
847 1394 905 1470 καὶ
922 1388 989 1490 τὴν
1005 1393 1076 1468 τῶν
1094 1390 1298 1492 Ἀρειανῶν,
1317 1385 1432 1466 ε’ίτουν

384 1523 624 1628 Εὐδοξιανῶν·
654 1525 714 1600 καὶ
725 1519 792 1619 τὴν
810 1525 881 1598 τῶν
898 1514 1173 1620 Ἢμιαρειιίνων,
1186 1513 1301 1594 είτουν
1315 1518 1430 1593 Πνευ-

383 1647 614 1754 ματομιίχιον·
662 1651 721 1727 καῖ
757 1645 823 1746 τὴν
859 1651 931 1725 τῶν
973 1646 1242 1740 Σαβελλιανῶν,
1276 1643 1334 1720 καὶ
1366 1637 1433 1739 τὴν

384 1783 456 1856 τῶν
485 1779 784 1880 Μαρκελλιανῶν,
812 1775 870 1853 καὶ
896 1771 963 1871 τὴν
989 1777 1061 1850 τῶν
1089 1775 1342 1867 Φωτεινιανῶν,
1374 1771 1433 1848 καὶ

384 1902 452 2004 τὴν
469 1910 540 1984 τῶν
557 1905 910 2005 Ἀπολλιναριστοῖν.
1447 1941 1482 1979 ,ο

767 2156 971 2234 ΚΑΝΩΝ
1001 2157 1044 2230 Β.

442 2311 537 2396 Τοὺς
562 2311 650 2415 ὑπὲρ
678 2311 852 2410 διοίκησιν
879 2307 1104 2406 ἐπισκόπους,
1132 2316 1210 2393 ταῖς
1238 2309 1433 2413 ὑπερορίοις

386 2440 592 2539 ἐκκλησίαις
609 2436 659 2538 μὴ
684 2437 825 2534 ἐπιέναι,
844 2437 931 2537 μηδὲ
955 2435 1123 2542 συγχέειν
1140 2435 1205 2520 τὰς
1225 2436 1429 2536 ἐκκλησίας·

386 2563 487 2644 ἀλλὰ
518 2561 609 2643 κατὰ
641 2561 722 2647 τοὺς
759 2561 921 2663 κανόνας,
958 2563 1023 2646 τὸν
1058 2563 1123 2664 μέν
1158 2564 1433 2670 Ἀλεξανδρείας

387 2693 595 2789 ἐπίσκοπον,
622 2690 668 2770 τὰ
695 2692 733 2771 ἐν
763 2690 936 2799 Αἰγύπτῳ
965 2689 1076 2791 μόνον
1107 2697 1313 2790 οἰκονομεῖν·
1352 2689 1457 2774 rodei
1463 2729 1479 2790 5

388 2819 516 2919 δέτῆς
546 2821 724 2918 ἀνατολῆς
756 2817 983 2916 ἐπισκόπους,
1012 2815 1078 2918 τὴν
1109 2817 1289 2917 ἀνατολὴν
1320 2815 1433 2918 μόνην

388 2951 541 3028 διοικεῖν·
568 2947 849 3055 φυλαττομένων
867 2954 940 3028 τῶν
956 2948 994 3026 ἐν
1012 2953 1085 3029 τοῖς
1103 2943 1232 3025 κανόσι
1248 2951 1322 3030 τοῖς
1340 2943 1436 3026 nandi

389 3236 438 3294 En
463 3236 522 3295 Vel.
544 3236 784 3315 Interpretotione
808 3233 941 3313 Dionysii
962 3234 1079 3314 Enigni,
1101 3253 1162 3314 qne
1182 3255 1244 3292 cnm
1269 3233 1384 3294 Conone
1400 3234 1435 3292 de

427 3332 558 3392 Monimo
559 3333 677 3410 finitur.
704 3332 828 3411 Reliqua
840 3332 1043 3410 interpretatus
1053 3340 1094 3391 est
1107 3331 1269 3390 Gentianus
1281 3331 1433 3391 Herodes.

712 3511 736 3569 1-
929 3459 1433 3621 {tlffltssld‘¹¹¹³⁸⁰⁰¹⁰ffl·

428 3622 530 3682 Fidem
560 3643 618 3682 non
646 3623 808 3682 violandam
838 3644 888 3700 pe·
1073 3669 1227 3729 CANON
1246 3671 1279 3729 Π

386 3715 465 3762 trum
487 3723 638 3762 oocxvm.
662 3705 712 3780 qui
738 3704 817 3782 opud
832 3701 888 3760 Ni·
1283 3715 1290 3730 ·

386 3805 473 3844 coenm
499 3783 648 3863 Bithyniae
671 3797 886 3843 convenerunt:
970 3783 1032 3855 Qui
1046 3795 1115 3842 sunt
1126 3805 1213 3864 snper
1224 3784 1361 3845 dioeoeein
1372 3785 1434 3865 epi·

386 3865 438 3924 ned
452 3883 567 3924 monere
580 3885 642 3923 eam
657 3863 777 3930 firmem,
787 3876 817 3923 et
831 3875 888 3923 eta·
931 3864 1020 3941 scopi,
1041 3883 1220 3942 nequaquam
1235 3866 1272 3924 nd
1290 3865 1435 3932 ecelesiae,

387 3945 486 4013 bilem,
509 3943 808 4004 anathematizandam
828 3965 890 4003 om.
930 3965 995 4023 qum
1019 3957 1089 4003 eunt
1113 3957 1196 4004 extra
1218 3948 1352 4026 praefixos
1379 3947 1434 4005 eibi

386 4047 452 4086 nem
486 4027 634 4094 heresem,
663 4035 693 4084 et
727 4024 890 4104 specialiter
931 4026 1081 4093 terminos,
1113 4026 1268 4086 aecedent:
1305 4047 1360 4086 neo
1386 4045 1437 4086 ens

387 4107 648 4173 Ennomienorum
679 4105 726 4164 vel
754 4108 890 4164 Anomoe.
930 4105 984 4165 lmc
1004 4107 1229 4199 presumptione
1243 4107 1434 4174 oonfundmm

386 4207 479 4254 orum,
502 4200 532 4248 et
553 4187 740 4256 Arienorum,
759 4186 806 4244 vel
825 4187 889 4245 Eu·
930 4186 981 4245 ned
1001 4198 1089 4262 Juxta
1112 4206 1236 4245 ennonee
1257 4186 1436 4246 Alexandri.

386 4267 588 4336 dominorum,
600 4280 630 4325 et
639 4266 888 4336 Macedoniorum,
929 4286 986 4328 nuo
999 4267 1135 4326 Antiates
1154 4285 1219 4343 quie
1239 4277 1309 4326 eunt
1330 4267 1360 4326 in
1379 4267 1436 4325 ΑΒ.

387 4347 433 4404 vel
466 4345 590 4425 Spiritui
618 4345 726 4405 Sancto
753 4347 888 4406 resisten·
930 4359 1030 4427 gypto,
1063 4356 1146 4426 reget
1180 4346 1371 4417 solummodo,
1404 4358 1437 4406 et

386 4428 507 4493 tium,et
518 4425 758 4493 Sabellinnornm,
770 4438 800 4486 et
809 4428 888 4485 Mar·
930 4429 1051 4487 orientis
1065 4426 1194 4508 episcopi
1214 4427 1355 4486 orientem
1370 4439 1434 4488 tnn-
