3314 5190
464 512 529 577 DE
554 513 678 578 ZELO
701 513 767 578 ET
791 514 982 580 LIVORE.
1182 515 1247 580 828

196 687 293 772 Quid
314 687 351 757 in
372 684 440 756 zeli
462 689 627 759 tenebras
648 690 729 771 ruis,
746 691 832 781 quid
854 697 892 759 te
913 687 1036 760 nubilo
1053 687 1173 759 livoris
1195 691 1248 760 in-

198 804 318 886 volvis,
336 803 421 894 quid
438 804 578 876 invidiae
595 806 760 876 ooecitatc
783 827 888 876 omne
911 806 1008 899 pacis
1031 813 1069 876 et
1091 806 1248 877 caritatis

196 917 319 989 lumen
336 919 526 1012 extinguis,
543 921 629 1011 quid
646 921 691 990 ad
709 919 890 991 diabolum
907 922 965 992 cui
985 922 1249 993 renuntiaveras

198 1035 300 1117 redis,
323 1035 407 1127 quid
435 1035 524 1106 Cain
550 1035 674 1106 similis
699 1037 847 1108 existis?
873 1038 1068 1110 Homicidii
1096 1061 1250 1131 namque

168 1150 352 1235 5faoinore
375 1152 568 1245 constringi
592 1175 675 1222 eum
698 1154 758 1244 qui
782 1153 950 1225 zelaverit
976 1163 1015 1226 et
1039 1156 1121 1226 odio
1138 1155 1249 1227 habu-

198 1269 266 1338 erit
301 1265 445 1336 fratrem
482 1289 586 1339 suum
622 1268 776 1340 declarat
809 1267 966 1340 Joannes
999 1270 1179 1365 apostolus
1212 1273 1249 1344 in

197 1382 348 1476 epistola
372 1405 436 1454 sua
462 1385 601 1456 dicens:
634 1383 706 1474 Qui
718 1384 874 1481 fratrem
900 1408 1001 1458 suum
1029 1387 1111 1471 odit,
1140 1385 1403 1460 homi-rumai.

197 1498 277 1571 cido
306 1509 377 1579 est:
415 1509 447 1570 et
475 1501 572 1571 scitis
602 1500 686 1594 quio
716 1502 829 1572 omnis
855 1499 1029 1574 homicida
1059 1526 1129 1575 noa
1153 1500 1250 1577 habel

198 1618 237 1688 in
257 1639 293 1688 se
314 1617 419 1690 citam
442 1625 642 1688 monentem.
696 1616 745 1687 Et
766 1619 917 1701 iterum;
949 1617 1021 1708 Qui
1046 1618 1133 1691 dicit
1153 1645 1188 1692 sc
1210 1623 1249 1693 ia
1262 1650 1270 1686 ι
1285 1635 1394 1685 smair.

153 1730 271 1804 roluce
308 1757 387 1816 esse,
427 1743 459 1804 ct
485 1733 641 1830 fratrem
679 1757 779 1804 suum
818 1732 902 1817 odil,
940 1735 979 1805 io
1019 1734 1164 1808 remota
1202 1748 1251 1810 est

198 1871 303 1942 usquc
329 1846 451 1931 adhoc,
478 1858 511 1919 ct
533 1849 572 1919 in
598 1846 743 1920 taonis
768 1847 976 1933 ambulatet
1002 1873 1071 1922 aon
1093 1851 1159 1922 scit
1184 1875 1251 1946 qao

198 1972 252 2034 eat
264 1989 276 2044 ,·
327 1965 490 2059 quoniam
532 1963 675 2036 leacbroe
717 1975 971 2036 cccoecaveruot
1012 1965 1126 2038 mulce
1168 1968 1249 2061 epita

199 2077 271 2162 Qui
288 2080 374 2163 odit,
398 2082 524 2172 inquit,
542 2079 687 2151 fratrem
710 2101 824 2163 suum,
842 2082 879 2152 in
903 2081 1058 2153 tenebris
1080 2083 1250 2166 ambulat,

199 2203 237 2265 et
256 2217 327 2266 non
349 2198 416 2268 scit
438 2218 509 2289 quo
527 2203 596 2266 eat.
649 2195 685 2265 It
702 2195 797 2266 enim
818 2197 957 2269 nescius
978 2197 1016 2268 in
1038 2197 1250 2292 gehennam,

156 2311 341 2405 15ignarus
366 2318 404 2382 et
430 2333 548 2382 coecus
573 2311 817 2404 praeeipitatur
839 2311 878 2381 in
905 2333 1056 2404 poenam,
1083 2314 1252 2389 recedens

199 2426 334 2498 scilieet
359 2450 381 2499 a
404 2425 536 2498 Christi
560 2426 696 2498 lumine
716 2429 894 2498 monentis
917 2437 955 2498 et
978 2427 1148 2501 dicentis:
1175 2427 1397 2528 Eposmns

198 2567 274 2614 sum
299 2541 413 2616 lumen
435 2543 566 2614 mundi.
619 2541 691 2632 Qui
714 2565 766 2614 me
790 2552 924 2616 secutus
935 2543 1064 2640 suerit,
1089 2569 1158 2617 acc
1181 2569 1255 2617 cm·

199 2657 327 2733 btdubit
344 2661 383 2730 io
407 2658 562 2743 mebris,
579 2657 641 2730 sed
661 2657 794 2731 debebit
810 2658 925 2731 lumen
942 2660 1031 2732 oiloe.
1084 2658 1255 2754 Sequitur

200 2785 321 2847 autem
358 2775 541 2846 Christum
579 2777 638 2868 qui
675 2777 860 2868 preceptis
901 2777 978 2869 ejus
1012 2777 1153 2860 insistit,
1193 2779 1254 2868 qui

155 2913 265 2982 20per
288 2891 482 2984 magisterii
509 2891 585 2982 ejus
612 2891 704 2960 viam
728 2890 897 2983 graditur,
920 2892 981 2982 qui
1005 2893 1155 2985 vestigia
1179 2893 1255 2984 ejus

200 3013 309 3099 atquc
347 3007 475 3077 itinera
512 3011 679 3084 sectatur,
715 3005 775 3096 qui
814 3004 850 3074 id
886 3007 981 3096 quod
1020 3005 1183 3078 Christus
1217 3015 1255 3076 et

201 3122 323 3193 docuit
359 3129 398 3191 et
434 3119 520 3191 lecit
554 3118 724 3200 imitatur,
760 3118 956 3190 secundum
994 3121 1089 3213 quod
1125 3121 1255 3193 Petrus

202 3261 343 3332 quoque
368 3237 531 3308 hortatur
556 3243 594 3305 et
619 3243 742 3306 monet
767 3234 908 3306 diceus:
945 3233 1110 3310 Christus
1128 3260 1276 3332 pascam
1292 3254 1344 3304 aa
1357 3254 1382 3301 n.

203 3363 251 3425 est
270 3376 340 3448 pro
369 3349 475 3434 nobis,
505 3348 702 3444 relinquens
732 3345 824 3420 vobis
853 3349 1044 3448 coemptum
1073 3360 1111 3424 ut
1137 3377 1256 3448 sequo-

158 3495 192 3556 25
204 3469 293 3541 mini
308 3467 453 3565 vestigio
470 3465 550 3560 cpias.

254 3584 324 3657 Vl.
352 3583 562 3654 Meminisse
596 3583 767 3654 debemus
801 3606 872 3675 quo
906 3584 1079 3656 vocabulo
1113 3585 1255 3678 plebem

204 3723 304 3772 suam
339 3699 501 3771 Christus
534 3697 701 3794 appellet,
731 3721 802 3791 quo
836 3697 944 3770 titulo
977 3723 1122 3795 gregem
1152 3723 1256 3771 suum

206 3825 397 3909 nuncupet.
451 3814 538 3888 Oves
562 3817 733 3899 nominat,
758 3823 802 3886 ut
826 3817 1030 3888 innocentia
1057 3817 1375 3888 christianam-x.

206 3932 331 4003 oribus
348 3940 516 4024 sequetur.
559 3929 680 4027 Agnos
704 3940 817 4014 vocat,
831 3939 880 4002 -ut
900 3955 1072 4026 agnorum
1094 3941 1256 4004 naturam
1268 3955 1340 4004 net.
1353 3954 1393 4001 vn.

160 4077 197 4135 30
207 4048 404 4141 simplicem
438 4044 645 4140 simplicitas
678 4049 809 4117 mentis
843 4049 1014 4117 imitetur.
1065 4046 1162 4131 Quid
1192 4051 1258 4119 sub

207 4163 340 4234 vestitu
357 4163 477 4232 orium
501 4161 606 4254 lupus
628 4161 756 4243 latitat,
775 4161 859 4251 quid
876 4184 1021 4255 gregem
1044 4161 1175 4233 Christi
1200 4163 1259 4253 qui

208 4301 247 4349 se
280 4278 522 4349 Christianum
552 4276 725 4347 mentitur
753 4275 927 4349 infamat?
965 4276 1096 4349 Christi
1132 4301 1261 4348 nomen

209 4395 366 4476 induere,
384 4403 421 4464 et
439 4417 510 4464 non
533 4416 597 4486 per
613 4392 745 4463 Christi
772 4393 866 4464 viam
889 4417 1046 4488 pergere,
1064 4394 1149 4487 quid
1167 4393 1263 4466 aliud

685 4515 782 4579 att
