3314 5190
401 476 466 542 28⁰
777 473 808 540 S.
833 469 1071 540 CYPRIANI

401 672 459 722 nor
494 647 610 720 tracter
645 649 756 733 eritis,
792 648 854 722 red
887 649 1033 722 tristitia
1067 657 1179 722 vestra
1219 648 1258 718 ia
1292 641 1450 720 letitiam
1653 619 1655 758 l

400 762 542 835 neuim?
579 765 669 848 Quis
698 788 770 838 non
800 767 944 836 tristitia
973 789 1092 836 carere
1121 771 1233 857 optet,
1266 765 1345 857 quis
1377 787 1450 834 non

400 881 445 952 ad
470 880 633 954 laetitiam
662 884 781 954 venire
805 883 973 954 festinet?
1007 882 1161 965 Quando
1182 889 1305 952 antem
1328 882 1365 952 in
1388 879 1450 952 lm

400 998 518 1069 titiam
548 999 667 1069 veniat
697 1007 817 1069 nostra
845 999 991 1069 tristitia
1018 997 1193 1068 Dominus
1222 997 1341 1068 denno
1373 999 1449 1090 ipse

400 1113 556 1186 declarat
581 1115 719 1186 dicens:
749 1113 883 1186 Iterum
908 1112 1025 1186 uidebo
1054 1137 1122 1197 cca,
1147 1124 1179 1186 et
1203 1113 1365 1210 pandebit
1390 1131 1475 1194 cors

399 1239 557 1313 vestrum,
582 1240 614 1302 et
639 1230 807 1328 paudiom
832 1241 979 1304 cestrum
1009 1253 1107 1302 acmo
1136 1229 1269 1327 cnseret
1293 1254 1316 1301 c
1345 1229 1447 1304 coba.

400 1349 494 1421 Cum
520 1372 604 1442 ergo
630 1348 811 1421 Christum
834 1349 954 1419 videre
983 1349 1138 1441 gaudere
1163 1348 1219 1431 sit,
1241 1369 1311 1418 nco
1338 1349 1449 1440 possit

399 1486 476 1536 esse
492 1462 661 1557 gaudium
679 1473 839 1535 nostrum
856 1464 923 1536 uisi
940 1487 1023 1534 cnm
1046 1463 1238 1534 viderimus
1255 1462 1447 1544 Christum,

399 1604 480 1673 qnae
497 1581 640 1650 coecitaa
662 1581 770 1651 animi
794 1601 919 1672 quaeve
943 1579 1124 1650 dementia
1139 1588 1195 1650 est
1217 1601 1336 1650 amare
1352 1602 1448 1672 pres·

399 1719 496 1767 suras
513 1705 551 1765 et
573 1719 694 1788 poenas
716 1705 755 1767 et
778 1695 948 1789 lacrymas
971 1697 1105 1780 mundi,
1125 1705 1164 1768 et
1186 1719 1258 1766 non
1280 1698 1494 1768 festinncm

398 1816 516 1906 potins
533 1813 579 1883 ad
594 1814 763 1908 gaudium
781 1813 876 1904 quod
893 1835 1074 1905 nunquam
1090 1813 1202 1904 possit
1217 1814 1370 1886 auferri?

449 1927 518 2000 IV.
537 1927 619 2000 Hoc
641 1937 763 2000 autem
785 1929 837 2010 fit,
855 1928 980 2000 fratres
1001 1927 1230 2009 dilectissimi,
1254 1929 1336 2020 quia
1359 1929 1446 2000 fides

397 2045 508 2127 deest,
538 2046 622 2137 qnia
649 2067 755 2118 nemo
785 2045 898 2116 credit
927 2065 1011 2114 vera
1043 2065 1120 2114 esse
1154 2066 1234 2134 quae
1268 2045 1446 2136 promittit

399 2159 508 2244 Deus,
522 2163 583 2255 qui
600 2185 708 2233 verax
724 2170 789 2243 est,
803 2161 903 2254 cujus
920 2182 1036 2231 sermo
1051 2159 1278 2231 credentibus
1294 2169 1445 2231 aetcrnns

397 2287 435 2349 et
460 2279 582 2348 firmus
608 2288 672 2350 est.
724 2277 764 2349 Si
789 2279 855 2348 tibi
884 2278 937 2347 vir
964 2277 1080 2370 gravis
1105 2283 1143 2345 et
1172 2274 1358 2347 laudabilis
1381 2275 1489 2350 ali-1⁵

397 2395 483 2486 quid
515 2393 750 2488 polliceretur,
780 2394 928 2465 haberes
961 2394 1085 2485 ntique
1114 2392 1297 2484 pollicenti
1325 2392 1443 2474 fidem,

397 2533 463 2582 nec
488 2519 526 2581 te
552 2509 627 2582 falli
650 2519 714 2582 ant
740 2511 855 2602 decipi
880 2511 926 2581 ab
956 2533 999 2580 eo
1028 2510 1189 2581 crederes
1214 2533 1320 2602 quem
1350 2517 1443 2580 stare

395 2629 433 2697 iu
458 2627 678 2698 sermonibus
702 2635 810 2720 atque
833 2629 872 2697 in
898 2628 1035 2699 actibus
1065 2628 1137 2697 suis
1165 2629 1281 2698 scires.
1334 2626 1443 2698 Nnuc

397 2742 497 2815 Deus
521 2751 642 2814 tecum
667 2743 845 2836 loquitur3
875 2752 913 2813 et
937 2751 979 2812 tu
1008 2752 1130 2813 mente
1159 2740 1340 2812 incredula
1366 2765 1444 2835 pcr-

395 2859 486 2930 lidus
512 2858 684 2929 fluctuas?
723 2857 824 2930 Deus
850 2859 916 2930 tibi
941 2859 986 2929 dc
1011 2859 1078 2928 hoc
1104 2859 1237 2928 mundo
1262 2857 1441 2929 recedenti
1454 2876 1492 2916 ²0

395 2973 700 3046 immortalitatem
717 2983 825 3067 atquc
847 2976 1087 3046 aeternitatcm
1108 2972 1316 3067 pollicetur3
1342 2983 1380 3044 et
1401 2983 1442 3045 tu

395 3091 560 3163 dubitas?
587 3088 669 3162 Hoc
689 3101 745 3163 est
767 3090 887 3162 Deum
908 3092 1052 3161 omnino
1073 3113 1145 3162 non
1166 3113 1278 3172 nosse,
1296 3090 1364 3162 hoc
1387 3098 1443 3162 est

395 3207 576 3280 Christum
603 3207 824 3280 credentium
849 3209 1058 3302 magistrum
1083 3215 1230 3300 peccato
1254 3207 1442 3279 increduli-

395 3326 478 3395 tatis
495 3324 683 3405 offendere,
700 3324 768 3396 hoc
789 3332 844 3394 ost
867 3326 904 3395 in
921 3324 1070 3396 ecclesia
1086 3327 1318 3396 constitutam
1334 3325 1442 3395 fidem

393 3440 430 3508 in
455 3441 562 3513 domo
587 3441 669 3512 fidei
695 3463 767 3512 non
797 3440 936 3512 habere.
988 3440 1173 3523 Quantum
1203 3439 1314 3532 prosit
1342 3440 1488 3514 exire²⁵

393 3556 438 3626 de
455 3555 586 3626 saeculo
604 3555 765 3628 Christus
781 3557 856 3650 ipse
872 3556 996 3627 salutis
1008 3565 1116 3649 atque
1129 3556 1294 3627 utilitatis
1310 3563 1441 3628 nostrae

393 3674 562 3767 magister
590 3673 765 3744 ostendit:
800 3674 971 3766 quicum
1001 3673 1162 3766 discipuli
1193 3675 1269 3766 ejus
1294 3674 1442 3744 contris-

393 3798 554 3860 tarentur
578 3791 673 3881 quod
703 3813 741 3859 se
770 3790 848 3881 jam
878 3791 1011 3861 diceret
1040 3813 1270 3873 recessurum,
1300 3789 1441 3860 locutus

298 3927 367 3976 aa.
393 3915 448 3978 cst
472 3908 517 3980 ad
543 3929 603 3978 eos
626 3907 756 3988 dicens,
778 3905 824 3978 Si
849 3930 902 3977 mc
918 3905 1134 3989 diloricatis,
1153 3906 1351 4004 pandectis
1373 3906 1441 3976 uti-

394 4048 467 4120 quc,
490 4025 653 4120 quoniam
676 4022 764 4096 cudo
786 4022 834 4094 ad
854 4021 1009 4106 Patrem,
1027 4024 1157 4094 docens
1179 4032 1218 4094 ct
1240 4024 1492 4104 ostendeuaao

394 4163 476 4212 cum
510 4143 581 4212 cari
611 4163 699 4233 quos
732 4139 912 4234 diligimus
941 4139 986 4210 dc
1015 4138 1147 4210 saeculo
1176 4148 1321 4222 exeunt,
1354 4161 1442 4232 gau-

393 4257 549 4330 dendum
571 4258 690 4349 potius
712 4279 817 4348 quam
842 4256 1044 4326 dolendum.
1091 4254 1202 4348 Cujus
1227 4256 1278 4326 rei
1304 4277 1442 4325 memor

392 4373 518 4444 beatus
551 4372 730 4466 apostolus
761 4371 894 4444 Paulus
928 4373 964 4442 in
994 4371 1144 4465 epistola
1176 4395 1240 4443 sna
1273 4373 1373 4464 ponit
1403 4380 1441 4442 et
