3326 5200
281 477 331 540 IN
356 476 598 543 TERTULL.
622 479 686 544 DE
711 479 1003 544 PRAESCRIPT.
1029 482 1154 546 HAER.
1198 485 1264 552 209

261 649 423 733 P.154.1.
442 667 459 712 ι
461 671 492 734 5.
510 649 664 716 Hosidius
684 651 781 735 Geta]
802 651 898 716 Liber
912 652 1088 737 Agobnrdi‚
1112 654 1263 731 Voside'tes,

219 734 339 811 Ursini,
358 735 483 800 Osidius
499 787 505 800 .
524 785 531 800 .
548 737 633 822 apud
655 737 792 802 Dionem
817 737 966 801 scribitur
992 743 1099 805 Γναῖος
1123 741 1139 802 d
1163 743 1262 808 Σίδιοι

217 819 320 898 Γέτας,
335 821 513 908 legendum,
534 829 586 887 Γυ.
602 822 745 890 Ὀσίδιος.
793 821 912 888 Fertur
932 831 1062 888 senatus
1084 826 1262 892 oonsrdtum

216 907 275 970 sub
298 907 431 972 Claudio
452 908 532 974 (ἕως.
552 909 683 987 netum,
699 909 734 974 Ο.
753 908 793 974 N.
810 909 948 974 Hosidio
969 911 1053 974 Geta
1069 910 1106 975 L.
1114 910 1261 998 Vagellio

216 1013 296 1058 ooss.
311 1001 438 1059 erutum
461 995 594 1081 Neapoli
617 1016 701 1058 anno
723 995 798 1060 chr.
816 1018 946 1060 mooun.
961 997 1114 1062 adversus
1134 1020 1189 1062 eos
1208 998 1260 1082 qui

216 1079 400 1164 negotiandi
423 1101 535 1145 oaussn
560 1080 711 1146 emissent
733 1081 819 1181 quod
843 1081 1020 1161 mdifioium
1047 1091 1084 1148 ut
1108 1083 1261 1149 diruendo

216 1165 287 1249 plus
300 1165 515 1251 adquirerent,
532 1189 628 1267 quum
648 1175 759 1252 quuntr
774 1167 933 1232 emissent.
956 1167 1085 1234 Eleum.
1132 1171 1262 1236 ovidius

214 1252 294 1315 eitra
309 1253 382 1316 edd.
400 1251 556 1317 Rhenum.
605 1253 730 1317 Ouidius
747 1255 822 1318 Geta
837 1253 889 1318 ed.
907 1253 1010 1318 Paris.
1025 1263 1170 1340 utraque
1190 1257 1261 1320 Ori-

215 1337 287 1400 dias
303 1339 380 1402 Geta
401 1337 452 1402 ed.
476 1339 614 1404 Franek.
635 1338 689 1404 ubi
711 1339 835 1404 monuit
849 1338 1018 1417 Junius‚si
1040 1363 1155 1406 nomen
1177 1343 1261 1408 Geta

215 1423 401 1502 retineatur,
424 1425 592 1510 tegendum
617 1424 684 1490 iore
710 1425 744 1490 O.
762 1425 885 1503 Didius,
909 1425 962 1510 qui
988 1425 1096 1492 floruit
1117 1434 1261 1514 tempore

215 1509 348 1586 otendit,
365 1510 570 1596 nominatque
592 1511 625 1574 in
644 1511 705 1576 hae
724 1533 760 1576 re
774 1511 920 1578 Diouem.
967 1512 1118 1597 Alioquin
1132 1513 1261 1600 legisset

215 1594 298 1658 idem
312 1596 336 1660 J
338 1597 430 1662 unius
447 1596 577 1661 Ovidius
590 1597 637 1662 ita
652 1597 805 1664 Medeam.
827 1597 987 1663 Oaeterum
1002 1599 1099 1684 digna
1117 1607 1177 1677 est,
1190 1622 1260 1685 quae

215 1681 266 1745 hio
295 1689 488 1748 memoretur
518 1683 626 1748 Proba
655 1683 808 1750 Faleoniu
836 1684 879 1748 ab
905 1683 1102 1769 Hieronymo
1129 1686 1262 1770 aliisque

257 1768 361 1832 tribus
374 1769 515 1847 laudata,
532 1770 622 1854 eujus
635 1777 727 1834 extat
742 1770 956 1855 opuseulume
972 1771 1098 1855 Virgilii
1113 1772 1259 1838 carmini-

237 1875 274 1918 us
293 1862 479 1940 exoerptum
501 1863 535 1920 et
557 1855 790 1955 ooneinnetmn,
816 1857 859 1920 ad
883 1855 1126 1958 explicationem
1151 1857 1259 1942 praeei·

214 1961 349 2091 pwiiiidil
356 1941 1156 2113 lioddiuiilodddid-rddridddiiudtididtildleiiitdsolent]
1180 2029 1259 2094 Sub-

214 2112 365 2178 stituerat
395 2113 562 2198 tigurius,
587 2114 864 2178 Homerocentones
887 2114 986 2178 etium
1015 2114 1119 2178 vocari
1147 2115 1259 2179 solent.

216 2197 325 2262 Minus
338 2207 434 2277 reete,
450 2215 487 2264 ut
500 2201 622 2286 opinor.

258 2285 296 2348 P.
312 2305 324 2348 ι
329 2306 349 2370 5
350 2300 381 2370 5.
394 2285 413 2348 l.
423 2307 454 2367 4
472 2286 535 2350 Sed
550 2286 713 2371 quaeritur,
725 2309 745 2350 a
761 2307 824 2370 quo
839 2285 1017 2350 intellectus
1032 2285 1259 2350 intervertatur

212 2391 331 2448 eorum,
369 2393 440 2455 quae
475 2373 519 2436 ad
554 2373 691 2437 haereses
726 2372 860 2455 iaciant]
894 2371 1052 2438 Poeuernt
1089 2371 1256 2458 Rigaltim,

210 2458 348 2542 soptim
375 2479 434 2542 pro
461 2459 515 2523 sed
541 2459 700 2544 qumttur.
747 2458 818 2522 Hoo
844 2480 919 2522 vero
947 2481 1019 2522 oum
1044 2458 1135 2543 Lupo
1160 2467 1257 2544 atque

213 2542 385 2607 Thomasio
406 2545 558 2608 revocavi.
605 2545 717 2622 Porro,
735 2551 897 2630 praeeunte
919 2545 1030 2610 eodem
1048 2544 1148 2630 Lupo,
1164 2545 1256 2608 iuter-

212 2639 349 2693 vertatur
362 2630 465 2716 recepi
480 2652 539 2716 pro
553 2630 640 2694 edito
657 2631 879 2716 interpretatur,
896 2630 991 2714 idque
1005 2639 1123 2716 praeter
1137 2653 1256 2698 morem

211 2737 326 2794 meum,
341 2739 381 2780 ex
403 2717 587 2801 oonjeotura
600 2723 727 2782 tantum
744 2717 851 2782 Latini
868 2717 986 2783 Latinii
1008 2739 1029 2781 a
1047 2716 1071 2780 J
1073 2717 1148 2784 unio
1169 2739 1254 2782 oom-

211 2801 358 2886 probata.
382 2803 454 2866 Hoo
466 2825 540 2870 vero
553 2803 715 2888 postulare
726 2803 894 2868 videbatur
908 2803 968 2868 loei
983 2825 1113 2878 sensus;
1130 2803 1255 2869 etianui

210 2888 341 2952 verbum
355 2889 537 2990 interpretor
549 2911 621 2954 oum
636 2889 762 2974 passiva
780 2888 1009 2974 signifioetione
1030 2890 1116 2974 apud
1131 2889 1255 2954 Tertul-

210 2972 329 3038 lianum
343 2983 512 3060 reperitur.

254 3057 337 3126 lbid.
366 3061 387 3124 l.
419 3077 447 3144 7.
478 3060 512 3125 in
540 3060 696 3125 idolorum
729 3060 900 3146 mysteriis]
935 3060 1198 3146 Praepositionem
1234 3083 1255 3126 a

211 3143 350 3296 ffifflfio
365 3147 513 3212 emissem
532 3169 605 3211 oum
621 3146 712 3231 Lupo
733 3155 767 3209 et
782 3145 953 3212 Thomasio
967 3147 1120 3212 revooavi.
1166 3147 1255 3211 Infra

209 3231 252 3294 ba
310 3243 426 3306 ,—tam
439 3233 620 3298 audenter
632 3233 695 3296 Dei
708 3231 876 3316 adfiataoit
890 3233 1058 3318 „primm
1073 3233 1105 3296 in
1119 3232 1256 3318 negotiis

209 3316 405 3396 idololatres,
421 3341 491 3404 oep.
508 3339 551 3398 40

254 3403 336 3468 ibid.
351 3406 370 3468 1.
388 3427 416 3486 9.
440 3405 670 3490 expositionem
695 3403 897 3488 delictorum]
924 3405 977 3470 Sio
1002 3427 1060 3490 pro
1083 3405 1255 3490 aptatam

208 3489 396 3555 deiiotorum
410 3491 507 3577 priori
521 3491 656 3556 leetione
670 3490 829 3576 Rigaltius
843 3512 862 3556 a
876 3491 957 3556 libro
972 3490 1158 3576 Agobardi;
1177 3492 1251 3556 tue-

209 3580 306 3640 θισιν.
331 3578 465 3642 sennen.
509 3578 727 3662 Eapiaiorum
741 3576 868 3660 quidem
886 3577 1081 3642 reduxerunt
1097 3577 1206 3662 Lupus
1220 3585 1254 3642 et

210 3661 408 3728 Thomasiue.
432 3663 505 3740 Sed,
521 3671 559 3728 ut
573 3663 637 3728 alia
651 3684 749 3762 opera
762 3671 896 3740 teneam,
909 3662 1051 3748 Epistola
1066 3662 1119 3727 illa
1134 3663 1251 3728 Fine-

208 3747 300 3822 le'am',
313 3771 407 3834 quam
423 3750 473 3814 his
487 3750 696 3816 Onitectaners
709 3748 878 3814 additurus
899 3771 979 3826 eum,
995 3771 1056 3813 vox
1077 3747 1181 3814 altera
1202 3747 1254 3812 fir·

209 3842 324 3898 matur.
371 3835 419 3900 Ibi
434 3837 518 3900 enim
533 3843 727 3900 extat—stou
747 3832 858 3900 atteris
874 3857 934 3920 per
947 3835 1077 3902 morin
1097 3834 1254 3898 neaeram

206 3919 354 4000 mdibm,
369 3943 424 3986 ιισσ
437 3923 576 4008 peccatis
591 3920 752 4006 expositis.
769 3943 806 3986 ea
830 3971 837 3984 .
854 3941 902 4004 15.

254 4005 334 4072 ibid.
349 4008 372 4070 l.
389 4029 438 4073 ro.
454 4015 487 4072 et
502 4009 528 4074 si
542 4008 647 4073 adhue
661 4006 769 4072 initiat
823 4007 922 4090 ithra]
943 4005 1053 4070 Habet
1067 4015 1095 4070 et
1113 4005 1256 4070 siudtae

208 4093 346 4157 metuit
373 4095 512 4172 Mithra,
542 4093 699 4178 probante
724 4091 833 4170 Jnnio,
861 4094 911 4157 ed.
941 4091 1097 4176 prinoeps.
1143 4091 1254 4156 Edidit

210 4175 376 4263 Rigaltius
407 4191 436 4244 et
462 4182 491 4244 ri
518 4180 620 4244 adduc
640 4179 775 4255 numiui,
804 4178 936 4242 Mithra.
993 4177 1096 4242 Extat
1121 4199 1196 4242 vero
1222 4177 1254 4241 in

209 4265 260 4328 ed.
284 4265 397 4331 ultima
421 4265 565 4332 Rhenani
587 4273 621 4330 et
643 4265 675 4328 iu
697 4265 747 4330 ed.
770 4273 906 4348 utraque
929 4263 1032 4328 Paris.
1058 4271 1092 4328 et
1116 4263 1253 4330 Franek.

208 4359 237 4413 st
267 4352 312 4414 air
340 4352 442 4416 addae
471 4354 578 4417 initiat
606 4350 749 4427 Mirm,
786 4351 842 4416 sed
871 4349 1048 4416 Delaoerda
1080 4357 1115 4414 et
1146 4350 1255 4436 Lupus

210 4435 461 4522 Thomasiusque
489 4441 517 4502 si
545 4457 604 4522 pro
631 4437 677 4501 aie
705 4443 889 4522 posuerunt.
943 4435 1016 4500 Hoo
1045 4437 1180 4522 denique
1209 4459 1255 4500 se

709 4545 759 4587 ne
