3314 5190
500 505 564 568 DE
589 503 965 570 MORTALI'I'ATE.
1194 505 1259 572 289

203 680 281 770 jam
318 701 410 770 pene
445 680 612 750 morienti
645 680 788 770 juvenis
825 679 960 750 honore
995 689 1033 748 et
1072 679 1259 769 majestate

211 792 429 876 venerabilis,
453 803 550 865 statu
572 793 696 877 celsus,
715 805 752 865 et
773 796 888 866 clarus
910 805 1066 888 aspectu,
1091 803 1128 864 et
1151 816 1258 886 quem

207 911 433 981 assistentem
456 912 523 981 sibi
545 913 604 981 vix
628 919 747 1004 posset
769 911 945 982 humanus
967 919 1131 1003 aspectus
1147 910 1259 981 oculis

209 1027 408 1098 carnalibus
434 1029 573 1108 intueri,
600 1029 667 1097 nisi
692 1029 785 1120 quod
817 1027 927 1099 talem
957 1029 1076 1098 videre
1095 1028 1172 1118 jam
1198 1051 1260 1120 po-

182 1151 304 1227 sterst
334 1145 379 1213 de
407 1143 538 1215 saeculo
568 1167 779 1216 recessurus,
832 1143 955 1235 Atque
988 1143 1049 1214 ille
1078 1167 1149 1213 non
1184 1146 1260 1214 sine

210 1259 363 1351 quadam
397 1262 505 1330 animi
540 1271 578 1330 et
611 1262 706 1330 vocis
739 1261 981 1353 indignatione
1009 1260 1193 1330 infremuit
1222 1269 1260 1332 et

211 1378 322 1448 dixit:
358 1376 439 1446 Pati
468 1378 613 1459 timetis,
640 1378 738 1447 exire
768 1399 839 1446 non
869 1375 986 1458 vultis,
1016 1377 1102 1468 quid
1132 1377 1259 1448 nciam

211 1493 335 1564 robis?
381 1495 600 1586 Increpantis
634 1515 704 1564 vox
740 1500 795 1562 est
825 1502 862 1562 ct
891 1494 1089 1576 monentis3
1124 1494 1185 1584 qui
1215 1493 1260 1563 de

211 1612 457 1703 persecutione
484 1609 666 1692 sollicitus,
694 1610 739 1679 de
765 1609 993 1679 accersitione
1019 1631 1162 1679 securus
1190 1632 1261 1678 non

167 1727 389 1796 roconsentit
406 1727 450 1796 ed
474 1749 625 1818 praesens
649 1725 872 1805 desiderium,
894 1724 955 1792 sed
973 1723 1126 1794 consulit
1149 1725 1186 1794 in
1206 1725 1261 1794 fu-

211 1851 344 1912 turum.
396 1841 547 1912 Audivit
572 1842 682 1912 frater
706 1849 828 1911 noster
849 1848 887 1910 ct
910 1839 1047 1932 collega
1071 1842 1262 1911 moriturus

212 1957 306 2048 quod
334 1959 473 2028 caeteris
498 1958 642 2028 diceret.
696 1956 793 2027 Nam
816 1957 876 2049 qui
900 1957 1091 2026 moriturus
1116 1958 1261 2039 audivit,

211 2074 257 2144 ad
274 2074 342 2145 hoc
359 2075 495 2144 audivit
511 2082 553 2143 ut
571 2075 715 2144 diceret.
767 2073 919 2143 Audivit
936 2095 1007 2143 non
1025 2071 1091 2142 sibi
1111 2071 1181 2153 ille,
1200 2074 1261 2142 sed

212 2189 324 2259 nobis.
367 2189 463 2259 Nam
482 2191 565 2282 quid
591 2191 657 2260 sibi
680 2190 831 2260 disceret
849 2190 926 2280 jam
950 2187 1172 2258 recessurus?
1199 2187 1264 2256 Di·

169 2305 300 2391 15dicit
325 2307 435 2376 immo
462 2306 747 2389 remanentibus3
777 2313 819 2375 ut
845 2305 930 2374 dum
956 2304 1173 2374 sacerdotem
1203 2306 1263 2396 qui
1370 2387 1375 2398 Ι

211 2431 451 2493 commeatum
485 2423 630 2516 petebat
660 2421 873 2513 increpitum
907 2443 983 2490 esse
1018 2421 1263 2514 comperimus,

213 2539 298 2630 quid
315 2539 452 2608 cunct-is
470 2540 637 2631 expediat
654 2559 934 2632 agnosceremus.
1027 2557 1030 2564 ·

263 2652 374 2726 XIV.
405 2652 521 2724 Nobis
555 2677 696 2747 quoque
726 2652 809 2746 ipsis
838 2653 994 2723 minimis
1024 2662 1062 2724 et
1095 2655 1265 2725 extremis

214 2773 353 2865 quoties
370 2768 566 2840 revelatum
584 2779 648 2852 est,
667 2791 773 2861 quam
797 2769 1002 2860 frequenter
1023 2778 1130 2861 atquc
1152 2772 1265 2840 mani-

168 2889 305 2960 cofcste
330 2889 375 2958 de
402 2885 472 2957 Dei
497 2887 703 2980 dignatione
728 2894 948 2977 praeceptum
972 2895 1036 2967 est,
1060 2893 1102 2955 ut
1127 2896 1266 2956 contes-

213 3016 309 3075 tarer
336 3003 475 3074 assidue
498 3012 535 3072 et
561 3001 703 3095 publice
728 3003 956 3094 praedicarem
979 3001 1105 3072 fratres
1128 3012 1266 3074 nostros

213 3143 286 3192 non
309 3143 385 3191 esse
407 3119 580 3212 lugendos
603 3118 832 3188 accersitione
857 3117 1046 3190 Dominica
1066 3120 1111 3190 de
1133 3119 1265 3190 saeculo

214 3236 390 3316 liberatos,
409 3258 491 3305 cum
509 3234 659 3304 sciamus
682 3255 753 3303 non
777 3256 837 3303 eos
854 3235 981 3316 amitti,
999 3235 1059 3304 sed
1083 3237 1265 3328 praemitti,

214 3353 421 3424 recedentes
455 3351 671 3443 praecedere
714 3357 756 3418 ut
789 3349 1060 3441 proficiscentes,
1094 3359 1136 3420 ut
1169 3352 1266 3421 navi-

168 3491 203 3552 25
214 3477 340 3564 gantes
363 3465 488 3548 solent,
506 3465 696 3536 desiderari
719 3486 779 3534 eos
796 3465 935 3544 debere,
959 3487 1030 3534 non
1052 3465 1181 3560 plangi,
1198 3491 1265 3537 nec

214 3583 436 3676 accipiendas
453 3605 529 3652 esse
545 3581 604 3651 hio
621 3589 715 3650 atras
733 3589 857 3660 vestes,
876 3581 1016 3671 quando
1030 3580 1081 3650 illi
1099 3583 1148 3652 ibi
1165 3583 1266 3652 indu-

215 3708 338 3771 menta
370 3698 452 3768 alba
477 3697 555 3789 jam
585 3695 820 3789 sumpserint!
858 3697 1079 3767 occasionem
1114 3697 1266 3768 dandam

215 3837 288 3884 non
305 3835 381 3884 esse
403 3811 596 3904 gentilibus
619 3820 661 3881 ut
684 3833 747 3881 nos
770 3811 898 3881 meritc
915 3833 957 3881 ac
976 3811 1059 3902 jure
1079 3813 1266 3904 reprehen-

217 3932 303 4000 dant
326 3928 420 4019 quod
443 3949 532 4018 quos
555 3928 672 3997 vivere
696 3928 790 4018 apud
817 3925 935 3997 Deum
960 3927 1119 4010 dicimus,
1139 3939 1182 3999 ut
1205 3952 1266 3998 ex-

169 4046 348 4126 actinctos
377 4050 414 4111 et
443 4042 600 4133 perditos
630 4041 824 4135 lugeamus,
855 4051 893 4114 et
922 4043 1030 4112 fidem
1060 4067 1167 4136 qusm
1196 4067 1268 4114 ser-

216 4182 322 4230 mone
347 4166 384 4230 et
412 4181 498 4228 voce
524 4157 763 4249 depromimus
786 4157 900 4228 cordis
925 4167 963 4228 et
988 4161 1141 4250 pectoris
1166 4162 1267 4232 testi-

217 4276 338 4345 monio
354 4297 425 4344 non
444 4272 653 4365 probemus!

268 4389 357 4461 XV.
385 4388 470 4482 Spei
493 4397 623 4458 nostrae
646 4411 688 4458 ac
711 4389 795 4458 fidei
820 4391 1103 4481 prevaricatores
1126 4411 1268 4472 sumum

718 4525 779 4596 1'l'
