3314 5190
391 461 457 528 260
727 459 1108 525 ANNOTATIONES

399 631 562 707 Morcelli;
587 631 641 716 qui
656 631 782 716 quidem
797 631 845 696 vir
859 631 1096 708 disertissimus,
1112 630 1159 694 ele
1201 629 1359 695 ntioribus
1369 651 1446 696 sane

397 719 514 784 litteris
536 718 693 802 exquisite
711 718 834 796 doetus,
858 719 891 782 in
910 718 1027 800 Africa
1051 738 1110 781 sua
1133 717 1160 780 0
1177 717 1311 780 νίιιιαιια
1332 717 1447 780 exinde

399 803 534 890 collegit,
550 825 614 867 non
629 825 721 888 posse
739 802 818 881 fieri,
833 811 871 867 ιιι
891 802 1095 867 Firmilianus
1110 802 1158 866 vir
1176 808 1316 880 sanctus,
1331 809 1369 866 ut
1388 802 1446 880 ait,

399 899 433 956 et
447 913 468 954 a
487 889 596 953 multis
614 889 863 966 commendatus,
879 890 938 952 has
951 888 1061 953 literas
1080 887 1251 973 scripserit
1272 888 1348 972 quia
1365 887 1448 952 adso

399 984 512 1041 contra
535 975 625 1039 Petri
646 996 858 1040 successorem
879 975 1078 1059 Stephanum
1096 974 1331 1039 contumeliosae
1349 981 1448 1058 atque

398 1062 552 1146 improboe
567 1059 650 1134 sint;
680 1061 789 1144 quales
808 1062 850 1124 ab
864 1061 1015 1125 haeretico
1035 1081 1172 1144 nequam
1192 1066 1226 1123 et
1240 1059 1349 1124 inlami
1364 1080 1448 1124 oom-

399 1148 523 1233 positae.
569 1146 699 1230 Insigne
718 1146 897 1231 exemplum
915 1145 1057 1222 lallaciae,
1075 1168 1145 1230 quae
1161 1145 1279 1209 dicitur
1290 1145 1449 1230 μιὶιίοιιίι

391 1233 564 1320 praecopii!
579 1231 645 1295 Fac
654 1239 763 1296 autem
771 1254 849 1309 esse,
856 1232 909 1316 qui
919 1231 1099 1316 hujusmodi
1108 1231 1305 1331 argumentis
1312 1231 1448 1295 scientes

399 1320 634 1404 prudentesque
655 1318 687 1380 in
709 1318 804 1382 rebus
826 1318 910 1382 tanti
936 1318 1089 1382 momenti
1114 1339 1163 1380 usr
1187 1316 1260 1394 sint,
1281 1317 1365 1380 unde
1390 1316 1449 1381 fiat

398 1405 499 1469 totius
514 1403 586 1467 fidei
606 1402 766 1467 historioae
785 1403 942 1480 interitus,
959 1404 1067 1488 quidni
1083 1403 1187 1466 Deum
1205 1403 1355 1488 deprecer
1369 1423 1449 1466 meae

397 1491 521 1566 animm,
538 1511 578 1552 ne
593 1488 682 1553 sitin
701 1488 810 1553 futuro
830 1489 945 1553 saeoulo
967 1497 1118 1554 cumtam
1140 1488 1255 1572 iniquis
1277 1496 1310 1553 et
1333 1488 1450 1588 impro-

397 1576 448 1640 bis
474 1574 643 1660 sophistis?
673 1575 913 1652 Verumtamen,
935 1576 1020 1659 quod
1040 1575 1116 1639 alibi
1137 1573 1211 1652 dixi,
1234 1574 1360 1659 ineptas
1379 1572 1449 1638 illes

400 1661 542 1726 Missorii
560 1667 673 1724 eontra
691 1661 773 1724 hanc
797 1683 816 1725 e
838 1660 965 1725 istolam
980 1660 1196 1725 cavillationes
1210 1659 1263 1725 alii
1278 1659 1450 1744 scriptores

398 1745 706 1811 Romanocatholici
721 1746 805 1810 inter
816 1683 921 1811 italos
941 1769 1066 1831 quoque
1081 1747 1232 1832 degentes
1250 1753 1449 1830 respuerunt.

398 1833 551 1899 Gonleras
566 1837 599 1896 et
614 1830 734 1895 Baluzii
750 1839 869 1909 uotam,
887 1854 983 1918 quam
997 1833 1040 1897 ad
1055 1833 1150 1897 finem
1161 1830 1303 1916 epistolae
1317 1831 1449 1896 adduxi.

443 1918 481 1982 P.
495 1937 566 1996 244.
583 1917 603 1981 l.
615 1933 644 1999 7.
660 1917 843 2002 confitetur]
870 1917 976 2004 Vulgo
992 1921 1161 2004 profitetur.
1186 1917 1311 1981 Mutari
1330 1939 1389 2002 ego
1410 1939 1450 1980 ex

399 2004 538 2091 quinque
553 2003 679 2087 scriptis
694 2003 864 2068 codicibus.
891 2041 894 2048 ι

441 2090 479 2153 Ρ.
492 2103 564 2173 245.
582 2088 603 2150 1.
616 2107 666 2154 ιι.
683 2096 717 2153 et
732 2089 759 2152 si
773 2111 872 2154 novos
886 2090 1059 2175 prophetas
1073 2088 1244 2174 recipiunt]
1261 2089 1336 2152 Noa
1349 2096 1384 2151 at
1402 2107 1453 2151 eos

399 2175 503 2260 (prius
520 2174 633 2254 accos).
661 2173 756 2239 Hane
778 2175 954 2254 lectionem,
971 2197 1067 2260 quam
1111 2181 1168 2238 uto
1192 2196 1260 2238 esse
1286 2174 1451 2258 optimam,

399 2259 503 2325 inveni
517 2261 550 2322 in
571 2281 634 2323 uno
653 2259 736 2323 libro
755 2283 826 2324 meo
841 2269 956 2326 vetere.
1003 2197 1167 2324 Morellius
1184 2259 1292 2360 posuit
1305 2281 1365 2323 ιιι
1378 2281 1450 2332 cor,-

399 2367 532 2429 eamque
546 2345 715 2408 lectionem
730 2368 789 2431 ego
804 2347 906 2431 reperi
921 2348 954 2410 in
970 2355 1109 2433 quatuor
1122 2345 1283 2410 codicibus
1299 2344 1452 2429 antiquis.

400 2431 562 2494 Pamelius
588 2431 769 2495 emendavit
794 2453 835 2496 ex
857 2434 1041 2517 conjectura
1062 2439 1095 2496 et
1121 2431 1248 2516 scripsit
1272 2452 1360 2495 accos
1377 2452 1453 2515 pro-

392 2517 511 2606 phetas,
537 2522 608 2578 tum
633 2517 708 2599 quia
733 2518 950 2601 conjecturam
975 2541 1065 2582 suam
1091 2517 1311 2582 confirmatam
1333 2516 1453 2601 reperit

399 2601 594 2666 auctoritate
610 2602 726 2665 codicis
747 2603 916 2688 Anglicani
932 2627 995 2688 quo
1014 2605 1082 2689 ipse
1101 2603 1263 2680 utebatur,
1279 2609 1349 2667 tum
1366 2602 1454 2686 quod

400 2694 498 2752 antea
513 2685 716 2750 Firmilianus
731 2710 884 2753 novarum
898 2691 1138 2775 prophetiarum
1157 2689 1347 2752 meminerit.
1387 2686 1454 2752 lta·

402 2794 463 2857 que
478 2795 518 2836 ex
533 2771 672 2838 editione
692 2773 825 2838 Pamelii
844 2776 973 2840 emersit
992 2775 1141 2861 vulgaris.
1187 2774 1327 2838 Videtur
1344 2781 1453 2838 autem

402 2857 607 2921 Firmilianus
631 2859 807 2943 respexisse
832 2860 875 2924 ad
899 2861 1046 2926 haeresim
1072 2859 1346 2938 Marcionitarum,
1373 2880 1454 2944 quos

402 2943 601 3028 Epiphanius
611 2943 658 3008 ait
669 2945 853 3029 repudiasse
865 2946 966 3033 legem
977 2969 1015 3011 ao
1030 2946 1212 3032 prophetas.
1244 2946 1358 3009 Monet
1373 2966 1455 3029 prae-

402 3035 492 3094 terea
514 3028 674 3093 Pamelius
697 3030 730 3093 in
753 3031 861 3095 codiee
884 3054 941 3096 suo
964 3034 1018 3096 An
1039 3032 1142 3097 licano
1165 3032 1227 3132 legi
1248 3041 1277 3095 ιι
1298 3031 1456 3116 Spiritma

402 3117 549 3179 Suadam
564 3121 637 3200 post
651 3117 781 3179 Patrem
795 3127 823 3182 et
837 3117 970 3182 Filias.
1015 3055 1108 3199 &uod
1122 3138 1182 3203 ego
1196 3139 1229 3180 m
1243 3116 1329 3181 nullo
1344 3137 1455 3180 eorum

402 3208 545 3264 veterum
567 3201 793 3286 exemplarium
815 3204 918 3287 reperi
938 3204 1052 3288 quibus
1071 3225 1146 3267 usus
1168 3225 1238 3267 sum
1257 3202 1291 3265 in
1309 3201 1370 3265 hac
1389 3200 1455 3286 epi-

402 3286 487 3350 stola
515 3286 717 3350 recensenda.
762 3288 886 3372 Rejeoit
915 3297 1023 3353 autem
1054 3289 1215 3354 Pamelius
1240 3288 1300 3353 hoo
1328 3287 1456 3352 addita-

403 3379 555 3448 mentum,
572 3371 648 3454 quia
662 3372 787 3457 (lataph
825 3395 875 3458 gae
890 3396 954 3438 non
972 3375 1107 3438 eundem
1126 3374 1281 3460 Spiritum
1300 3373 1455 3438 Sanctum

404 3477 476 3520 cum
491 3456 655 3520 catholicis
669 3479 805 3542 agnosce
827 3465 893 3536 ant,
910 3468 1023 3544 utpote
1039 3459 1169 3544 quinon
1186 3459 1274 3524 illum
1288 3459 1344 3524 sed
1361 3459 1457 3522 Mon·

403 3549 517 3605 tanum
531 3564 599 3605 esse
614 3543 810 3627 paracletum
824 3566 846 3608 a
860 3545 988 3610 Christo
1008 3545 1199 3630 promissum
1217 3545 1370 3609 dicerent.
1390 3543 1455 3607 Βι-

403 3649 519 3689 numus.
558 3626 721 3692 Statuenti
747 3629 798 3694 hio
820 3630 951 3695 Beluzio
972 3632 1147 3716 respexisse
1170 3630 1390 3695 Firmilianum
1411 3630 1457 3693 ad

406 3711 615 3776 Marcionitas
629 3719 716 3776 recte
731 3737 883 3816 opponas,
898 3724 1026 3817 veteres·
1035 3725 1144 3802 patres
1159 3717 1191 3780 id
1206 3737 1331 3801 semper
1345 3714 1457 3779 solitos

403 3801 1457 3972 bellabitis}lllmllglfislhltthllhl?

405 3969 492 4032 Audi
514 3968 743 4033 Tertullianum
765 3972 869 4036 adhue
883 3973 1074 4037 catholicum
1093 3974 1127 4038 in
1146 3974 1206 4037 hae
1226 3973 1296 4058 ipsa
1314 3972 1355 4036 de
1374 3972 1457 4056 bap-

404 4053 491 4117 tismi
515 4054 690 4138 quastione
713 4054 798 4119 idem
821 4065 1052 4143 suggerentem,
1073 4061 1148 4122 Noa
1169 4057 1267 4136 debeo,
1288 4057 1401 4141 inquit,
1421 4058 1460 4121 in

404 4138 470 4202 illr's
486 4140 670 4221 (haereticis)
686 4163 842 4220 ocaoscere
855 4144 936 4228 qaod
947 4144 1024 4208 mili
1043 4153 1086 4208 cst
1123 4154 1293 4229 receptam,
1308 4143 1383 4228 qaia
1397 4164 1460 4206 aea

405 4223 488 4286 ιἰιιι
502 4226 587 4288 Deus
608 4235 650 4288 ost
667 4209 750 4290 aclis
764 4237 792 4291 ιι
810 4229 884 4307 illis,
900 4250 953 4294 ιιι
970 4251 1048 4293 aeas
1064 4231 1091 4292 0
1108 4231 1210 4308 ιιίιιιι,
1230 4229 1268 4293 id
1287 4237 1337 4304 cst,
1353 4228 1457 4292 idera-

406 4309 447 4371 de
462 4309 627 4394 Baptismo
642 4333 712 4396 cap.
728 4331 775 4396 15.
824 4312 939 4398 Itaque
957 4321 1098 4378 veterem
1114 4315 1258 4379 revocavi
1277 4313 1458 4392 lectionem,

405 4415 477 4484 quae
492 4415 564 4458 eum
583 4395 694 4460 melior
714 4405 858 4482 apparet,
880 4405 948 4463 tum
971 4407 1063 4465 extat
1085 4401 1117 4465 in
1139 4401 1248 4466 codice
1270 4399 1459 4478 Bodleiano,
