3294 5192
304 500 357 564 IN
380 499 487 564 CAN.
512 499 646 565 CONC.
670 498 1114 564 CONSTANTINOPOL.
1173 499 1238 564 423

188 692 258 734 sum
280 676 351 736 tum
372 692 442 736 esse
466 676 574 735 oenset
596 670 964 770 Beveregius·oan0nem
984 669 1091 736 XOV.
1107 669 1238 736 Ooneiiii

188 755 255 820 Tru
319 756 341 830 f,
358 756 448 842 eujus
467 756 595 841 quidem
615 777 745 822 eunome
764 777 840 842 pers
859 755 948 840 prior
964 764 998 821 et
1015 756 1127 840 major,
1143 755 1238 840 piune

188 843 300 906 endem
323 849 374 908 est
399 849 498 926 atque
522 841 574 906 hio
600 863 701 907 ennon
726 841 887 918 OPtonns,
911 841 998 906 nulls
1018 848 1127 906 tumen
1150 863 1237 905 men·

188 927 276 1027 tione
292 927 381 1028 septa
394 928 503 1028 ejus-a·
511 927 658 1012 putribus
669 927 839 991 Trullonis.
853 927 1048 1028 ‘Epistolanr
1058 929 1100 992 ud
1113 927 1237 1012 Morty-

188 1035 274 1163 222
286 1012 1238 1185 22222222222222222222222222

189 1186 319 1249 eononis
344 1184 561 1271 suppositione
584 1186 701 1249 fratres
727 1184 887 1263 Bnllerini,
912 1186 967 1270 qui
993 1186 1035 1250 de
1059 1207 1108 1263 eo,
1133 1207 1173 1251 oo
1198 1185 1238 1250 si-

189 1271 255 1334 mul
270 1272 310 1335 de
325 1271 437 1356 quinto
451 1278 484 1335 et
499 1278 591 1336 sexto
606 1269 789 1349 canonibus,
804 1270 873 1336 haeo
887 1279 1028 1337 monent.
1074 1277 1094 1308 “
1103 1271 1238 1336 (iunoni-

190 1364 210 1394 “
225 1358 286 1421 bus
301 1357 362 1420 IV.
378 1357 490 1442 synodi
510 1357 652 1423 optans
671 1379 725 1422 un.
738 1358 813 1457 381.
828 1357 985 1422 Justellus
1000 1363 1067 1422 tres
1085 1357 1165 1422 elios
1182 1357 1239 1422 sd·

191 1449 210 1479 “
222 1442 310 1526 jecit.
353 1443 398 1506 Hi
420 1442 531 1544 utique
551 1465 615 1506 non
634 1449 727 1508 erent
741 1465 775 1507 1n
789 1443 889 1508 veteri
904 1444 1018 1508 Graeoo
1032 1444 1149 1522 codiee,
1165 1464 1239 1508 eum

191 1535 210 1565 “
226 1551 284 1592 neo
305 1529 338 1592 in
360 1528 566 1614 Dionysiana,
586 1551 644 1594 neo
665 1529 699 1592 in
720 1528 792 1594 eliis
812 1529 954 1614 antiquis
974 1530 1170 1596 versionibus
1191 1530 1238 1594 in-

190 1621 210 1651 “
226 1615 402 1680 veniuntur.
428 1615 523 1681 Oerte
541 1637 643 1680 onnon
657 1614 735 1679 VII!
754 1615 797 1679 sd
816 1615 961 1680 eumdem
979 1616 1147 1682 OPtenum
1167 1637 1238 1701 syn-

191 1707 210 1737 “
226 1701 322 1764 odum
351 1722 552 1786 nequaquam
580 1700 739 1786 pertinet:
770 1701 855 1765 unde
883 1723 942 1766 neo
970 1702 1056 1787 apud
1077 1701 1238 1767 Joonnem

191 1795 211 1822 “
227 1786 467 1865 Sehoiastioum‚
483 1786 537 1871 qui
552 1809 689 1852 oenones
703 1786 850 1872 quintum
864 1793 898 1852 et
912 1795 1040 1852 sextum
1053 1787 1128 1852 lieet
1147 1788 1237 1852 eddi-

191 1872 316 1937 “titios
341 1873 471 1958 reoepit,
495 1873 547 1937 hio
570 1873 724 1960 septimus
748 1871 874 1960 legitur.
928 1872 1036 1938 Serius
1058 1874 1161 1939 multo
1186 1873 1238 1938 hio

190 1965 211 1996 “
226 1959 381 2036 conditus,
398 1959 514 2023 nedum
533 1959 678 2043 odjeetus
696 1959 767 2023 fuit.
801 1958 938 2040 Quintus
955 1966 1065 2024 eutem
1079 1967 1113 2025 et
1128 1967 1238 2025 sextus

191 2051 212 2081 “
225 2066 362 2109 onnones
383 2045 467 2110 forte
488 2044 655 2110 constituti
677 2045 806 2110 fuerunt
824 2045 858 2108 in
878 2045 943 2110 elia
959 2045 1095 2110 OPtnnu
1116 2046 1237 2131 synodo

190 2137 212 2170 ‘⁴
227 2130 448 2216 subsequentis
472 2152 524 2194 nn.
548 2131 623 2214 382.
668 2130 741 2196 Hae
768 2152 844 2195 vero
869 2131 918 2194 11.
942 2131 1063 2217 synodo
1088 2131 1239 2196 ebidem

191 2223 210 2253 “
226 2237 340 2281 nomen
361 2216 449 2279 urbis
467 2223 501 2281 et
521 2215 562 2280 ob
580 2217 733 2302 temporis
757 2215 1028 2302 propinquitatem
1048 2238 1120 2281 enm
1139 2216 1238 2302 priori

191 2302 364 2379 “0011qu
380 2301 464 2366 fooili
485 2301 732 2367 hallucinatione
750 2302 882 2367 alterins
900 2324 1037 2368 oenones
1054 2325 1126 2368 eum
1145 2325 1237 2368 euno-

191 2388 318 2454 “nibus
341 2387 472 2452 alterius
491 2387 612 2452 oonfusi
633 2396 667 2454 et
690 2388 830 2474 eopuisti
849 2389 1006 2454 fuerunt.”
1027 2389 1078 2454 De
1092 2389 1240 2475 Antiquir

219 2473 419 2540 amoenum
432 2484 461 2539 el
472 2473 684 2540 Colleotoribus
697 2477 864 2554 Curionum,
880 2498 911 2561 p.
922 2474 948 2539 I.
961 2499 987 2541 e.
997 2475 1018 2540 i.
1036 2478 1065 2558 ᾗ.
1079 2497 1128 2540 10.
1168 2525 1175 2540 .
1188 2497 1237 2540 10.

189 2561 386 2648 Appendiois
396 2563 438 2626 ud
449 2563 551 2647 Opera
561 2562 595 2626 S.
607 2561 719 2628 Leonis
728 2563 779 2626 M.
789 2560 907 2627 Venet.
921 2578 1011 2649 1757.
1035 2561 1132 2627 Hune
1142 2499 1239 2628 insse

190 2669 347 2712 cononum
367 2647 469 2732 quinti
489 2655 523 2713 et
542 2648 625 2714 sexti
646 2655 761 2726 ortum,
777 2647 849 2714 eliis
868 2671 993 2735 quoque
1012 2648 1086 2714 viris
1105 2648 1239 2714 eruditis

190 2739 333 2798 statuere
347 2733 530 2819 plooueret3
556 2735 641 2818 qnod
660 2741 695 2800 et
713 2735 833 2800 firmari
852 2735 978 2800 videtur
992 2735 1095 2800 verbis
1110 2735 1240 2799 cononis

190 2819 283 2896 sexti,
299 2819 461 2900 αἱρετικοὺς
480 2823 513 2882 δὲ
527 2819 669 2902 λέγομεν,
690 2821 758 2886 τοὺς
771 2821 866 2885 πάλαι
880 2825 931 2900 τῆς
951 2823 1111 2898 ἐκκλησίας
1130 2823 1239 2900 ἀποκη-

189 2903 362 2985 ρυχθέντας,
386 2905 435 2966 καὶ
457 2904 524 2970 τοὺς
545 2907 621 2982 μετὰ
642 2909 735 2968 ταῦτα
756 2903 808 2986 ὑφ’
831 2906 914 2983 ἡμῶν
937 2904 1238 2983 ἀναθεματισθέντας.

191 3010 288 3138 „u
306 3007 487 3137 reue.
498 2985 587 3137 ξεῖ,
604 2987 1239 3158 nonest

190 3097 244 3224 iib.
258 3159 300 3223 V.
316 3159 399 3223 His.
414 3157 527 3223 Eccles.
543 3181 570 3223 o.
583 3160 612 3224 8.
634 3159 688 3244 qui
709 3159 743 3224 in
764 3181 855 3224 sueun
877 3159 1009 3245 quisque
1071 3161 1169 3226 triam
1190 3181 1239 3225 re·

190 3245 271 3310 versi
301 3251 404 3321 erunt,
433 3245 578 3330 sequenti
606 3251 721 3310 aestote
750 3247 779 3310 oi
807 3252 945 3312 πλεῖστοι
974 3246 1102 3330 quiem
1129 3267 1239 3313 eorum

190 3332 324 3396 eundem
338 3331 450 3395 urbem
464 3330 581 3395 iterum
595 3331 752 3396 adierunt.

236 3418 273 3483 P.
286 3420 360 3503 396.
376 3416 397 3481 1.
413 3437 439 3482 1.
464 3417 523 3481 ἀπὸ
543 3419 707 3503 asponon]
736 3417 817 3483 Haeo
831 3418 928 3484 verba
942 3439 1014 3484 eum
1089 3419 1239 3485 uentibus

190 3503 268 3567 mihi
290 3503 417 3588 quidem
434 3503 599 3589 jungendo
619 3503 775 3583 videntur,
797 3526 870 3584 non,
887 3511 925 3569 ut
945 3505 1043 3572 vertit
1100 3511 1237 3582 ervetus,

190 3609 263 3653 eum
281 3588 553 3654 enteoedentibus.
599 3589 749 3654 Imitatus
769 3597 819 3656 est
840 3591 983 3678 epistolse
1002 3597 1116 3656 auotor
1133 3590 1238 3656 loonm

190 3679 338 3740 Aaronem
352 3677 457 3761 Aperi.
469 3674 502 3738 ii.
514 3691 567 3756 47.
582 3671 621 3740 ‘0
633 3677 665 3738 ti
678 3677 784 3758 Κύριος
794 3679 965 3758 προσετίθει
976 3677 1043 3746 τοὺς
1052 3675 1239 3759 σωζομένους
1266 3735 1269 3743 .

191 3763 256 3824 καθ
268 3761 381 3842 ἡμέραν
395 3762 431 3846 ri
445 3761 597 3846 exunat

235 3845 316 3910 Ibid.
333 3847 354 3910 l.
365 3866 396 3932 3.
413 3847 461 3911 καὶ
476 3845 719 3932 nassamones]
737 3846 810 3911 Non
823 3846 950 3912 videtur
968 3848 1055 3933 apud
1073 3847 1238 3914 Seorsum

190 3930 446 3997 &tutum
460 3953 575 3998 nomen
594 3940 782 4018 usurpatum
796 3940 872 3998 ente
889 3954 1006 3998 nnnnm
1021 3933 1148 3998 oiroiter
1161 3950 1235 4018 392.

191 4017 355 4082 Heroum.
402 4019 475 4083 Hoo
490 4026 549 4096 est,
566 4025 641 4103 post
659 4027 786 4106 tempus
804 4020 899 4104 hujus
918 4017 1051 4085 ooneilii.
1096 4019 1160 4084 Sed
1174 4039 1238 4083 me-

190 4104 318 4169 minisse
332 4125 390 4168 nos
404 4111 542 4190 oportet,
557 4125 666 4170 vooem
680 4105 762 4169 huno
776 4105 810 4169 in
820 4127 940 4170 oenone
950 4127 1034 4170 nuno
1047 4106 1239 4172 existentem

189 4189 652 4360 2202222222222
672 4192 875 4343 222222
891 4190 1238 4362 2222222222

190 4327 405 4427 vetustissimo
416 4362 486 4426 Bod
498 4363 599 4440 sione,
612 4362 762 4446 quinum.
775 4365 827 4430 26.
842 4363 1037 4451 designetur,
1051 4363 1112 4429 hoo
1122 4383 1237 4428 nomen

189 4449 231 4512 ad
253 4471 354 4535 marg.
378 4455 505 4514 tantum
526 4448 666 4534 positum
690 4449 826 4516 videtur.
862 4449 913 4515 De
936 4447 1141 4518 Subbntinnis
1163 4471 1238 4516 vero
