<?xml version="1.0" encoding="UTF-8"?>
<!DOCTYPE html PUBLIC "-//W3C//DTD XHTML 1.0 Transitional//EN"
    "http://www.w3.org/TR/xhtml1/DTD/xhtml1-transitional.dtd">
<html xmlns="http://www.w3.org/1999/xhtml" xml:lang="en" lang="en">
 <head>
  <title>
</title>
<meta http-equiv="Content-Type" content="text/html;charset=utf-8" />
  <meta name='ocr-system' content='tesseract 3.04.00' />
  <meta name='ocr-capabilities' content='ocr_page ocr_carea ocr_par ocr_line ocrx_word'/>
</head>
<body>
  <div class='ocr_page' id='page_1' title='image "./scriptorumeccle00routgoog_0218.png"; bbox 0 0 3326 5200; ppageno 0'>
   <div class='ocr_carea' id='block_1_1' title="bbox 275 493 1249 560">
    <p class='ocr_par' dir='ltr' id='par_1_1' title="bbox 275 493 1249 560">
     <span class='ocr_line' id='line_1_1' title="bbox 275 493 1249 560; baseline -0.001 -1"><span class='ocrx_word' id='word_1_1' title='bbox 275 494 325 559; x_wconf 90' lang='lat' dir='ltr'><strong>lN</strong></span> <span class='ocrx_word' id='word_1_2' title='bbox 351 493 596 559; x_wconf 86' lang='lat' dir='ltr'><strong>TERTULL.</strong></span> <span class='ocrx_word' id='word_1_3' title='bbox 621 495 685 559; x_wconf 84' lang='lat' dir='ltr'><strong>DE</strong></span> <span class='ocrx_word' id='word_1_4' title='bbox 708 495 1000 560; x_wconf 81' lang='lat' dir='ltr'><strong>PRAESCRIPT.</strong></span> <span class='ocrx_word' id='word_1_5' title='bbox 1026 497 1152 560; x_wconf 67' lang='grc' dir='ltr'><strong>ΗΕΒ.</strong></span> <span class='ocrx_word' id='word_1_6' title='bbox 1187 497 1249 559; x_wconf 75' lang='lat' dir='ltr'><strong>nol</strong></span> 
     </span>
    </p>
   </div>
   <div class='ocr_carea' id='block_1_2' title="bbox 204 664 1255 3838">
    <p class='ocr_par' dir='ltr' id='par_1_2' title="bbox 204 664 1254 2038">
     <span class='ocr_line' id='line_1_2' title="bbox 204 664 1249 751; baseline 0.002 -22"><span class='ocrx_word' id='word_1_7' title='bbox 204 665 336 751; x_wconf 80' lang='lat' dir='ltr'><strong>Hygino</strong></span> <span class='ocrx_word' id='word_1_8' title='bbox 361 672 395 731; x_wconf 89' lang='lat' dir='ltr'><strong>et</strong></span> <span class='ocrx_word' id='word_1_9' title='bbox 417 664 555 730; x_wconf 84' lang='lat' dir='ltr'><strong>Aniceto</strong></span> <span class='ocrx_word' id='word_1_10' title='bbox 580 665 744 751; x_wconf 88' lang='lat' dir='ltr'><strong>episcopis,</strong></span> <span class='ocrx_word' id='word_1_11' title='bbox 763 667 909 731; x_wconf 78' lang='lat' dir='ltr'><strong>Marcion</strong></span> <span class='ocrx_word' id='word_1_12' title='bbox 927 688 1002 732; x_wconf 88' lang='lat' dir='ltr'><strong>vero</strong></span> <span class='ocrx_word' id='word_1_13' title='bbox 1024 666 1082 732; x_wconf 88' lang='lat' dir='ltr'><strong>sub</strong></span> <span class='ocrx_word' id='word_1_14' title='bbox 1101 666 1249 746; x_wconf 86' lang='lat' dir='ltr'><strong>Aniceto,</strong></span> 
     </span>
     <span class='ocr_line' id='line_1_3' title="bbox 204 751 1251 827; baseline 0.001 -11"><span class='ocrx_word' id='word_1_15' title='bbox 204 752 317 816; x_wconf 89' lang='lat' dir='ltr'><strong>Sotere</strong></span> <span class='ocrx_word' id='word_1_16' title='bbox 331 759 366 818; x_wconf 91' lang='lat' dir='ltr'><strong>et</strong></span> <span class='ocrx_word' id='word_1_17' title='bbox 375 751 558 827; x_wconf 87' lang='lat' dir='ltr'><strong>Eleuthero‚</strong></span> <span class='ocrx_word' id='word_1_18' title='bbox 574 757 611 816; x_wconf 85' lang='lat' dir='ltr'><strong>ut</strong></span> <span class='ocrx_word' id='word_1_19' title='bbox 626 759 753 817; x_wconf 87' lang='lat' dir='ltr'><strong>constat</strong></span> <span class='ocrx_word' id='word_1_20' title='bbox 767 775 806 816; x_wconf 85' lang='lat' dir='ltr'><strong>ex</strong></span> <span class='ocrx_word' id='word_1_21' title='bbox 823 751 945 817; x_wconf 88' lang='lat' dir='ltr'><strong>Irenaeo</strong></span> <span class='ocrx_word' id='word_1_22' title='bbox 959 753 1014 817; x_wconf 92' lang='lat' dir='ltr'><strong>lib.</strong></span> <span class='ocrx_word' id='word_1_23' title='bbox 1025 752 1088 816; x_wconf 93' lang='grc' dir='ltr'><strong>ΙΙΙ.</strong></span> <span class='ocrx_word' id='word_1_24' title='bbox 1100 753 1251 817; x_wconf 86' lang='lat' dir='ltr'><strong>adversus</strong></span> 
     </span>
     <span class='ocr_line' id='line_1_4' title="bbox 205 837 1252 924; baseline 0.002 -23"><span class='ocrx_word' id='word_1_25' title='bbox 205 837 363 915; x_wconf 85' lang='lat' dir='ltr'><strong>Haereses,</strong></span> <span class='ocrx_word' id='word_1_26' title='bbox 387 845 420 903; x_wconf 89' lang='lat' dir='ltr'><strong>et</strong></span> <span class='ocrx_word' id='word_1_27' title='bbox 436 837 575 901; x_wconf 86' lang='lat' dir='ltr'><strong>Eusebio</strong></span> <span class='ocrx_word' id='word_1_28' title='bbox 597 837 651 902; x_wconf 93' lang='lat' dir='ltr'><strong>lib.</strong></span> <span class='ocrx_word' id='word_1_29' title='bbox 676 837 736 900; x_wconf 93' lang='lat' dir='ltr'><strong>IV.</strong></span> <span class='ocrx_word' id='word_1_30' title='bbox 759 837 846 903; x_wconf 90' lang='lat' dir='ltr'><strong>Hist.</strong></span> <span class='ocrx_word' id='word_1_31' title='bbox 870 838 989 903; x_wconf 86' lang='lat' dir='ltr'><strong>Eccles.</strong></span> <span class='ocrx_word' id='word_1_32' title='bbox 1013 861 1083 924; x_wconf 89' lang='lat' dir='ltr'><strong>quae</strong></span> <span class='ocrx_word' id='word_1_33' title='bbox 1105 845 1252 924; x_wconf 89' lang='lat' dir='ltr'><strong>tempora</strong></span> 
     </span>
     <span class='ocr_line' id='line_1_5' title="bbox 204 923 1252 1008; baseline 0.002 -22"><span class='ocrx_word' id='word_1_34' title='bbox 204 923 418 989; x_wconf 76' lang='lat' dir='ltr'><strong>Tertullianus</strong></span> <span class='ocrx_word' id='word_1_35' title='bbox 454 923 521 1007; x_wconf 85' lang='lat' dir='ltr'><strong>ipsc</strong></span> <span class='ocrx_word' id='word_1_36' title='bbox 550 923 756 1008; x_wconf 80' lang='lat' dir='ltr'><strong>proculdubio</strong></span> <span class='ocrx_word' id='word_1_37' title='bbox 785 925 918 989; x_wconf 88' lang='lat' dir='ltr'><strong>viderat.</strong></span> <span class='ocrx_word' id='word_1_38' title='bbox 984 925 1144 990; x_wconf 77' lang='lat' dir='ltr'><strong>Caeterum</strong></span> <span class='ocrx_word' id='word_1_39' title='bbox 1179 924 1252 988; x_wconf 87' lang='lat' dir='ltr'><strong>libri</strong></span> 
     </span>
     <span class='ocr_line' id='line_1_6' title="bbox 204 1009 1252 1095; baseline 0.001 -22"><span class='ocrx_word' id='word_1_40' title='bbox 204 1031 313 1073; x_wconf 88' lang='lat' dir='ltr'><strong>omnes</strong></span> <span class='ocrx_word' id='word_1_41' title='bbox 342 1009 409 1072; x_wconf 92' lang='lat' dir='ltr'><strong>sine</strong></span> <span class='ocrx_word' id='word_1_42' title='bbox 438 1009 685 1093; x_wconf 80' lang='lat' dir='ltr'><strong>transpositione</strong></span> <span class='ocrx_word' id='word_1_43' title='bbox 714 1033 777 1075; x_wconf 93' lang='lat' dir='ltr'><strong>uno</strong></span> <span class='ocrx_word' id='word_1_44' title='bbox 807 1032 962 1074; x_wconf 90' lang='lat' dir='ltr'><strong>consensu</strong></span> <span class='ocrx_word' id='word_1_45' title='bbox 989 1010 1109 1095; x_wconf 88' lang='lat' dir='ltr'><strong>legunt,</strong></span> <span class='ocrx_word' id='word_1_46' title='bbox 1135 1011 1252 1095; x_wconf 90' lang='lat' dir='ltr'><strong>“apud</strong></span> 
     </span>
     <span class='ocr_line' id='line_1_7' title="bbox 206 1094 1250 1182; baseline 0.002 -23"><span class='ocrx_word' id='word_1_47' title='bbox 206 1103 225 1132; x_wconf 89' lang='lat'>“</span> <span class='ocrx_word' id='word_1_48' title='bbox 240 1095 403 1159; x_wconf 86' lang='lat' dir='ltr'><strong>ecclesiam</strong></span> <span class='ocrx_word' id='word_1_49' title='bbox 426 1094 658 1158; x_wconf 82' lang='lat' dir='ltr'><strong>Romanensem</strong></span> <span class='ocrx_word' id='word_1_50' title='bbox 680 1097 739 1160; x_wconf 91' lang='lat' dir='ltr'><strong>sub</strong></span> <span class='ocrx_word' id='word_1_51' title='bbox 762 1097 947 1182; x_wconf 88' lang='lat' dir='ltr'><strong>episcopatu</strong></span> <span class='ocrx_word' id='word_1_52' title='bbox 970 1096 1134 1160; x_wconf 86' lang='lat' dir='ltr'><strong>Eleutheri</strong></span> <span class='ocrx_word' id='word_1_53' title='bbox 1157 1096 1250 1161; x_wconf 89' lang='lat' dir='ltr'><strong>bene-</strong></span> 
     </span>
     <span class='ocr_line' id='line_1_8' title="bbox 206 1180 1252 1268; baseline 0 -23"><span class='ocrx_word' id='word_1_54' title='bbox 206 1189 225 1218; x_wconf 90' lang='lat'>“</span> <span class='ocrx_word' id='word_1_55' title='bbox 241 1180 327 1258; x_wconf 88' lang='lat' dir='ltr'><strong>dicti,</strong></span> <span class='ocrx_word' id='word_1_56' title='bbox 356 1181 456 1244; x_wconf 93' lang='lat' dir='ltr'><strong>donec</strong></span> <span class='ocrx_word' id='word_1_57' title='bbox 485 1181 526 1244; x_wconf 95' lang='lat' dir='ltr'><strong>ob</strong></span> <span class='ocrx_word' id='word_1_58' title='bbox 552 1180 726 1264; x_wconf 86' lang='lat' dir='ltr'><strong>inquietam</strong></span> <span class='ocrx_word' id='word_1_59' title='bbox 750 1203 874 1268; x_wconf 85' lang='lat' dir='ltr'><strong>semper</strong></span> <span class='ocrx_word' id='word_1_60' title='bbox 899 1204 1008 1247; x_wconf 91' lang='lat' dir='ltr'><strong>eorum</strong></span> <span class='ocrx_word' id='word_1_61' title='bbox 1034 1182 1252 1247; x_wconf 80' lang='lat' dir='ltr'><strong>curiositatem</strong></span> 
     </span>
     <span class='ocr_line' id='line_1_9' title="bbox 206 1265 1252 1352; baseline 0 -22"><span class='ocrx_word' id='word_1_62' title='bbox 206 1275 225 1304; x_wconf 91' lang='grc'>“</span> <span class='ocrx_word' id='word_1_63' title='bbox 242 1267 318 1330; x_wconf 55' lang='lat' dir='ltr'><strong>&amp;cf</strong></span> <span class='ocrx_word' id='word_1_64' title='bbox 327 1289 429 1350; x_wconf 89' lang='lat' dir='ltr'><strong>neque</strong></span> <span class='ocrx_word' id='word_1_65' title='bbox 439 1265 565 1331; x_wconf 88' lang='lat' dir='ltr'><strong>videtur</strong></span> <span class='ocrx_word' id='word_1_66' title='bbox 575 1267 781 1352; x_wconf 85' lang='lat' dir='ltr'><strong>transpositio</strong></span> <span class='ocrx_word' id='word_1_67' title='bbox 797 1268 983 1332; x_wconf 88' lang='lat' dir='ltr'><strong>neccssaria.</strong></span> <span class='ocrx_word' id='word_1_68' title='bbox 1007 1269 1090 1332; x_wconf 90' lang='lat' dir='ltr'><strong>Nam</strong></span> <span class='ocrx_word' id='word_1_69' title='bbox 1105 1268 1252 1331; x_wconf 90' lang='lat' dir='ltr'><strong>ultimum</strong></span> 
     </span>
     <span class='ocr_line' id='line_1_10' title="bbox 206 1351 1249 1438; baseline 0.003 -23"><span class='ocrx_word' id='word_1_70' title='bbox 206 1352 332 1438; x_wconf 90' lang='lat' dir='ltr'><strong>quidem</strong></span> <span class='ocrx_word' id='word_1_71' title='bbox 357 1359 483 1437; x_wconf 86' lang='lat' dir='ltr'><strong>tempus</strong></span> <span class='ocrx_word' id='word_1_72' title='bbox 510 1351 641 1436; x_wconf 85' lang='lat' dir='ltr'><strong>exponit</strong></span> <span class='ocrx_word' id='word_1_73' title='bbox 664 1360 777 1417; x_wconf 84' lang='lat' dir='ltr'><strong>auctor</strong></span> <span class='ocrx_word' id='word_1_74' title='bbox 803 1375 865 1438; x_wconf 91' lang='lat' dir='ltr'><strong>quo</strong></span> <span class='ocrx_word' id='word_1_75' title='bbox 895 1355 1023 1418; x_wconf 83' lang='lat' dir='ltr'><strong>fuerunt</strong></span> <span class='ocrx_word' id='word_1_76' title='bbox 1049 1353 1102 1418; x_wconf 88' lang='lat' dir='ltr'><strong>isti</strong></span> <span class='ocrx_word' id='word_1_77' title='bbox 1128 1354 1249 1430; x_wconf 73' lang='lat' dir='ltr'><strong>Romae,</strong></span> 
     </span>
     <span class='ocr_line' id='line_1_11' title="bbox 206 1437 1252 1525; baseline 0.003 -24"><span class='ocrx_word' id='word_1_78' title='bbox 206 1438 280 1522; x_wconf 87' lang='lat' dir='ltr'><strong>qnia</strong></span> <span class='ocrx_word' id='word_1_79' title='bbox 294 1438 336 1502; x_wconf 86' lang='lat' dir='ltr'><strong>ad</strong></span> <span class='ocrx_word' id='word_1_80' title='bbox 358 1444 580 1524; x_wconf 84' lang='lat' dir='ltr'><strong>argumentum</strong></span> <span class='ocrx_word' id='word_1_81' title='bbox 602 1437 700 1522; x_wconf 89' lang='lat' dir='ltr'><strong>ipsius</strong></span> <span class='ocrx_word' id='word_1_82' title='bbox 721 1439 912 1525; x_wconf 85' lang='lat' dir='ltr'><strong>pertinebat,</strong></span> <span class='ocrx_word' id='word_1_83' title='bbox 930 1441 986 1503; x_wconf 89' lang='lat' dir='ltr'><strong>sed</strong></span> <span class='ocrx_word' id='word_1_84' title='bbox 1004 1461 1067 1503; x_wconf 92' lang='lat' dir='ltr'><strong>uon</strong></span> <span class='ocrx_word' id='word_1_85' title='bbox 1082 1446 1252 1524; x_wconf 84' lang='lat' dir='ltr'><strong>propterea</strong></span> 
     </span>
     <span class='ocr_line' id='line_1_12' title="bbox 205 1523 1250 1610; baseline 0.001 -22"><span class='ocrx_word' id='word_1_86' title='bbox 205 1531 351 1609; x_wconf 80' lang='lat' dir='ltr'><strong>tempora</strong></span> <span class='ocrx_word' id='word_1_87' title='bbox 372 1531 469 1608; x_wconf 89' lang='lat' dir='ltr'><strong>negat</strong></span> <span class='ocrx_word' id='word_1_88' title='bbox 484 1523 724 1598; x_wconf 87' lang='lat' dir='ltr'><strong>antecedentia;</strong></span> <span class='ocrx_word' id='word_1_89' title='bbox 750 1525 803 1610; x_wconf 93' lang='lat' dir='ltr'><strong>qui</strong></span> <span class='ocrx_word' id='word_1_90' title='bbox 818 1525 988 1589; x_wconf 88' lang='lat' dir='ltr'><strong>terminum</strong></span> <span class='ocrx_word' id='word_1_91' title='bbox 1010 1547 1108 1589; x_wconf 92' lang='lat' dir='ltr'><strong>unum</strong></span> <span class='ocrx_word' id='word_1_92' title='bbox 1128 1525 1250 1600; x_wconf 87' lang='lat' dir='ltr'><strong>definit,</strong></span> 
     </span>
     <span class='ocr_line' id='line_1_13' title="bbox 206 1609 1251 1711; baseline 0.003 -37"><span class='ocrx_word' id='word_1_93' title='bbox 206 1617 336 1674; x_wconf 87' lang='lat' dir='ltr'><strong>caeteros</strong></span> <span class='ocrx_word' id='word_1_94' title='bbox 361 1618 419 1674; x_wconf 86' lang='lat' dir='ltr'><strong>aut</strong></span> <span class='ocrx_word' id='word_1_95' title='bbox 442 1609 573 1686; x_wconf 87' lang='lat' dir='ltr'><strong>omittit,</strong></span> <span class='ocrx_word' id='word_1_96' title='bbox 597 1615 655 1674; x_wconf 93' lang='lat' dir='ltr'><strong>aut</strong></span> <span class='ocrx_word' id='word_1_97' title='bbox 681 1610 903 1711; x_wconf 89' lang='lat' dir='ltr'><strong>comprehendi</strong></span> <span class='ocrx_word' id='word_1_98' title='bbox 929 1611 997 1676; x_wconf 83' lang='lat' dir='ltr'><strong>vult</strong></span> <span class='ocrx_word' id='word_1_99' title='bbox 1027 1617 1251 1694; x_wconf 75' lang='grc' dir='ltr'>συνεκδοχικῶς.</span> 
     </span>
     <span class='ocr_line' id='line_1_14' title="bbox 205 1694 1249 1782; baseline 0.002 -24"><span class='ocrx_word' id='word_1_100' title='bbox 205 1694 334 1759; x_wconf 82' lang='lat' dir='ltr'><strong>Juruus.</strong></span> <span class='ocrx_word' id='word_1_101' title='bbox 387 1695 504 1760; x_wconf 77' lang='lat' dir='ltr'><strong>Confer</strong></span> <span class='ocrx_word' id='word_1_102' title='bbox 526 1695 691 1760; x_wconf 90' lang='lat' dir='ltr'><strong>Pearsonii</strong></span> <span class='ocrx_word' id='word_1_103' title='bbox 723 1697 844 1760; x_wconf 72' lang='lat' dir='ltr'><strong>Vendic.</strong></span> <span class='ocrx_word' id='word_1_104' title='bbox 868 1697 973 1782; x_wconf 70' lang='lat' dir='ltr'><strong>Iyrrat.</strong></span> <span class='ocrx_word' id='word_1_105' title='bbox 998 1705 1072 1781; x_wconf 89' lang='lat' dir='ltr'><strong>part</strong></span> <span class='ocrx_word' id='word_1_106' title='bbox 1097 1696 1141 1760; x_wconf 92' lang='lat' dir='ltr'><strong>II.</strong></span> <span class='ocrx_word' id='word_1_107' title='bbox 1166 1719 1192 1761; x_wconf 95' lang='lat' dir='ltr'><strong>c.</strong></span> <span class='ocrx_word' id='word_1_108' title='bbox 1220 1713 1249 1779; x_wconf 92' lang='lat'><strong>7.</strong></span> 
     </span>
     <span class='ocr_line' id='line_1_15' title="bbox 206 1781 1252 1847; baseline -0.002 -1"><span class='ocrx_word' id='word_1_109' title='bbox 206 1781 365 1846; x_wconf 84' lang='lat' dir='ltr'><strong>Oaeterum</strong></span> <span class='ocrx_word' id='word_1_110' title='bbox 386 1801 501 1845; x_wconf 90' lang='lat' dir='ltr'><strong>nomen</strong></span> <span class='ocrx_word' id='word_1_111' title='bbox 515 1781 675 1845; x_wconf 60' lang='lat' dir='ltr'><strong>Ennea</strong></span> <span class='ocrx_word' id='word_1_112' title='bbox 695 1804 766 1845; x_wconf 89' lang='lat' dir='ltr'><strong>cum</strong></span> <span class='ocrx_word' id='word_1_113' title='bbox 789 1783 962 1846; x_wconf 71' lang='lat' dir='ltr'><strong>Eleutherii</strong></span> <span class='ocrx_word' id='word_1_114' title='bbox 982 1783 1119 1847; x_wconf 83' lang='lat' dir='ltr'><strong>mutavit</strong></span> <span class='ocrx_word' id='word_1_115' title='bbox 1141 1782 1252 1846; x_wconf 89' lang='lat' dir='ltr'><strong>editio-</strong></span> 
     </span>
     <span class='ocr_line' id='line_1_16' title="bbox 205 1867 1254 1953; baseline 0.002 -23"><span class='ocrx_word' id='word_1_116' title='bbox 205 1867 298 1932; x_wconf 87' lang='lat' dir='ltr'><strong>nibus</strong></span> <span class='ocrx_word' id='word_1_117' title='bbox 330 1867 487 1952; x_wconf 88' lang='lat' dir='ltr'><strong>prioribus</strong></span> <span class='ocrx_word' id='word_1_118' title='bbox 519 1867 765 1932; x_wconf 87' lang='lat' dir='ltr'><strong>reclamantibus</strong></span> <span class='ocrx_word' id='word_1_119' title='bbox 791 1868 959 1953; x_wconf 87' lang='lat' dir='ltr'><strong>Rigaitius,</strong></span> <span class='ocrx_word' id='word_1_120' title='bbox 983 1867 1070 1932; x_wconf 89' lang='lat' dir='ltr'><strong>haud</strong></span> <span class='ocrx_word' id='word_1_121' title='bbox 1101 1874 1254 1952; x_wconf 88' lang='lat' dir='ltr'><strong>sequente</strong></span> 
     </span>
     <span class='ocr_line' id='line_1_17' title="bbox 205 1952 721 2038; baseline 0.006 -22"><span class='ocrx_word' id='word_1_122' title='bbox 205 1975 277 2017; x_wconf 90' lang='lat' dir='ltr'><strong>eum</strong></span> <span class='ocrx_word' id='word_1_123' title='bbox 291 1960 349 2017; x_wconf 90' lang='lat' dir='ltr'><strong>aut</strong></span> <span class='ocrx_word' id='word_1_124' title='bbox 365 1952 456 2038; x_wconf 91' lang='lat' dir='ltr'><strong>Lupo</strong></span> <span class='ocrx_word' id='word_1_125' title='bbox 470 1959 528 2017; x_wconf 88' lang='lat' dir='ltr'><strong>aut</strong></span> <span class='ocrx_word' id='word_1_126' title='bbox 542 1952 721 2019; x_wconf 83' lang='lat' dir='ltr'><strong>Thomasio.</strong></span> 
     </span>
    </p>

    <p class='ocr_par' dir='ltr' id='par_1_3' title="bbox 205 2038 1252 2466">
     <span class='ocr_line' id='line_1_18' title="bbox 249 2038 1252 2124; baseline -0.001 -21"><span class='ocrx_word' id='word_1_127' title='bbox 249 2039 286 2103; x_wconf 95' lang='lat' dir='ltr'><strong>P.</strong></span> <span class='ocrx_word' id='word_1_128' title='bbox 306 2056 377 2124; x_wconf 80' lang='lat'><strong>145.</strong></span> <span class='ocrx_word' id='word_1_129' title='bbox 392 2039 412 2102; x_wconf 93' lang='lat' dir='ltr'><strong>l.</strong></span> <span class='ocrx_word' id='word_1_130' title='bbox 430 2057 481 2123; x_wconf 82' lang='lat'><strong>23.</strong></span> <span class='ocrx_word' id='word_1_131' title='bbox 498 2061 561 2123; x_wconf 85' lang='lat' dir='ltr'><strong>qna</strong></span> <span class='ocrx_word' id='word_1_132' title='bbox 575 2039 691 2103; x_wconf 82' lang='lat' dir='ltr'><strong>fratres</strong></span> <span class='ocrx_word' id='word_1_133' title='bbox 706 2060 831 2124; x_wconf 89' lang='lat' dir='ltr'><strong>quoque</strong></span> <span class='ocrx_word' id='word_1_134' title='bbox 846 2039 1016 2123; x_wconf 88' lang='lat' dir='ltr'><strong>vitiabaut]</strong></span> <span class='ocrx_word' id='word_1_135' title='bbox 1037 2038 1131 2103; x_wconf 86' lang='lat' dir='ltr'><strong>Hanc</strong></span> <span class='ocrx_word' id='word_1_136' title='bbox 1145 2038 1252 2102; x_wconf 86' lang='lat' dir='ltr'><strong>lectio·</strong></span> 
     </span>
     <span class='ocr_line' id='line_1_19' title="bbox 206 2124 1250 2210; baseline 0 -22"><span class='ocrx_word' id='word_1_137' title='bbox 206 2146 278 2188; x_wconf 92' lang='lat' dir='ltr'><strong>nem</strong></span> <span class='ocrx_word' id='word_1_138' title='bbox 285 2124 603 2210; x_wconf 85' lang='lat' dir='ltr'><strong>Ante-Rigeltiauam</strong></span> <span class='ocrx_word' id='word_1_139' title='bbox 618 2146 689 2188; x_wconf 93' lang='lat' dir='ltr'><strong>cnm</strong></span> <span class='ocrx_word' id='word_1_140' title='bbox 703 2125 793 2210; x_wconf 93' lang='lat' dir='ltr'><strong>Lupo</strong></span> <span class='ocrx_word' id='word_1_141' title='bbox 804 2132 902 2209; x_wconf 88' lang='lat' dir='ltr'><strong>atque</strong></span> <span class='ocrx_word' id='word_1_142' title='bbox 914 2125 1084 2188; x_wconf 86' lang='lat' dir='ltr'><strong>Thomasio</strong></span> <span class='ocrx_word' id='word_1_143' title='bbox 1095 2125 1250 2188; x_wconf 84' lang='lat' dir='ltr'><strong>revocavi.</strong></span> 
     </span>
     <span class='ocr_line' id='line_1_20' title="bbox 206 2209 1252 2296; baseline 0 -23"><span class='ocrx_word' id='word_1_144' title='bbox 206 2210 364 2296; x_wconf 83' lang='lat' dir='ltr'><strong>Rigaltius</strong></span> <span class='ocrx_word' id='word_1_145' title='bbox 383 2211 468 2274; x_wconf 92' lang='lat' dir='ltr'><strong>enim</strong></span> <span class='ocrx_word' id='word_1_146' title='bbox 482 2211 588 2288; x_wconf 82' lang='lat' dir='ltr'><strong>verba,</strong></span> <span class='ocrx_word' id='word_1_147' title='bbox 604 2232 696 2296; x_wconf 73' lang='lat' dir='ltr'><strong>qnam</strong></span> <span class='ocrx_word' id='word_1_148' title='bbox 709 2212 831 2295; x_wconf 76' lang='lat' dir='ltr'><strong>fratres</strong></span> <span class='ocrx_word' id='word_1_149' title='bbox 851 2232 964 2296; x_wconf 80' lang='lat' dir='ltr'><strong>quoqne</strong></span> <span class='ocrx_word' id='word_1_150' title='bbox 986 2209 1131 2288; x_wconf 60' lang='lat' dir='ltr'><strong>cuntant,</strong></span> <span class='ocrx_word' id='word_1_151' title='bbox 1148 2232 1252 2275; x_wconf 85' lang='lat' dir='ltr'><strong>exem-</strong></span> 
     </span>
     <span class='ocr_line' id='line_1_21' title="bbox 206 2296 1251 2382; baseline 0.001 -23"><span class='ocrx_word' id='word_1_152' title='bbox 206 2296 302 2382; x_wconf 86' lang='lat' dir='ltr'><strong>plaris</strong></span> <span class='ocrx_word' id='word_1_153' title='bbox 317 2301 380 2360; x_wconf 87' lang='lat' dir='ltr'><strong>vet.</strong></span> <span class='ocrx_word' id='word_1_154' title='bbox 395 2296 458 2360; x_wconf 82' lang='lat' dir='ltr'><strong>lide</strong></span> <span class='ocrx_word' id='word_1_155' title='bbox 480 2303 649 2381; x_wconf 87' lang='lat' dir='ltr'><strong>posuerat;</strong></span> <span class='ocrx_word' id='word_1_156' title='bbox 674 2297 795 2361; x_wconf 89' lang='lat' dir='ltr'><strong>addens</strong></span> <span class='ocrx_word' id='word_1_157' title='bbox 809 2304 927 2372; x_wconf 87' lang='lat' dir='ltr'><strong>tamen,</strong></span> <span class='ocrx_word' id='word_1_158' title='bbox 944 2319 977 2360; x_wconf 90' lang='lat' dir='ltr'><strong>se</strong></span> <span class='ocrx_word' id='word_1_159' title='bbox 1000 2296 1077 2360; x_wconf 86' lang='lat' dir='ltr'><strong>illud</strong></span> <span class='ocrx_word' id='word_1_160' title='bbox 1098 2319 1162 2361; x_wconf 93' lang='lat' dir='ltr'><strong>non</strong></span> <span class='ocrx_word' id='word_1_161' title='bbox 1185 2297 1251 2361; x_wconf 90' lang='lat' dir='ltr'><strong>siue</strong></span> 
     </span>
     <span class='ocr_line' id='line_1_22' title="bbox 205 2381 1132 2466; baseline -0.002 -20"><span class='ocrx_word' id='word_1_162' title='bbox 205 2381 329 2446; x_wconf 87' lang='lat' dir='ltr'><strong>ratione</strong></span> <span class='ocrx_word' id='word_1_163' title='bbox 365 2382 502 2459; x_wconf 79' lang='lat' dir='ltr'><strong>raeierre,</strong></span> <span class='ocrx_word' id='word_1_164' title='bbox 518 2383 603 2466; x_wconf 91' lang='lat' dir='ltr'><strong>quod</strong></span> <span class='ocrx_word' id='word_1_165' title='bbox 617 2383 650 2446; x_wconf 92' lang='lat' dir='ltr'><strong>iu</strong></span> <span class='ocrx_word' id='word_1_166' title='bbox 664 2383 892 2448; x_wconf 84' lang='lat' dir='ltr'><strong>recentioribus</strong></span> <span class='ocrx_word' id='word_1_167' title='bbox 906 2382 994 2446; x_wconf 89' lang='lat' dir='ltr'><strong>libris</strong></span> <span class='ocrx_word' id='word_1_168' title='bbox 1009 2382 1132 2466; x_wconf 88' lang='lat' dir='ltr'><strong>legitur.</strong></span> 
     </span>
    </p>

    <p class='ocr_par' dir='ltr' id='par_1_4' title="bbox 205 2403 1253 3251">
     <span class='ocr_line' id='line_1_23' title="bbox 250 2403 1251 2552; baseline 0.002 -22"><span class='ocrx_word' id='word_1_169' title='bbox 250 2403 365 2532; x_wconf 81' lang='lat' dir='ltr'><strong>Ibidl.</strong></span> <span class='ocrx_word' id='word_1_170' title='bbox 385 2468 436 2534; x_wconf 82' lang='lat'><strong>28.</strong></span> <span class='ocrx_word' id='word_1_171' title='bbox 452 2489 523 2532; x_wconf 91' lang='lat' dir='ltr'><strong>cum</strong></span> <span class='ocrx_word' id='word_1_172' title='bbox 546 2469 717 2534; x_wconf 89' lang='lat' dir='ltr'><strong>conditioni</strong></span> <span class='ocrx_word' id='word_1_173' title='bbox 744 2469 829 2532; x_wconf 85' lang='lat' dir='ltr'><strong>datae</strong></span> <span class='ocrx_word' id='word_1_174' title='bbox 855 2467 914 2532; x_wconf 88' lang='lat' dir='ltr'><strong>sibi</strong></span> <span class='ocrx_word' id='word_1_175' title='bbox 938 2468 1089 2552; x_wconf 90' lang='lat' dir='ltr'><strong>occurrit]</strong></span> <span class='ocrx_word' id='word_1_176' title='bbox 1116 2467 1166 2531; x_wconf 91' lang='lat' dir='ltr'><strong>Ut</strong></span> <span class='ocrx_word' id='word_1_177' title='bbox 1191 2468 1251 2532; x_wconf 90' lang='lat' dir='ltr'><strong>boc</strong></span> 
     </span>
     <span class='ocr_line' id='line_1_24' title="bbox 206 2553 1251 2640; baseline -0.001 -23"><span class='ocrx_word' id='word_1_178' title='bbox 206 2553 370 2640; x_wconf 90' lang='lat' dir='ltr'><strong>significet,</strong></span> <span class='ocrx_word' id='word_1_179' title='bbox 396 2553 592 2618; x_wconf 87' lang='lat' dir='ltr'><strong>Marcionem</strong></span> <span class='ocrx_word' id='word_1_180' title='bbox 617 2553 790 2618; x_wconf 90' lang='lat' dir='ltr'><strong>conditioni</strong></span> <span class='ocrx_word' id='word_1_181' title='bbox 816 2553 999 2618; x_wconf 83' lang='lat' dir='ltr'><strong>satisfacere</strong></span> <span class='ocrx_word' id='word_1_182' title='bbox 1020 2553 1162 2631; x_wconf 88' lang='lat' dir='ltr'><strong>voluisse,</strong></span> <span class='ocrx_word' id='word_1_183' title='bbox 1186 2553 1251 2617; x_wconf 86' lang='lat' dir='ltr'><strong>rari</strong></span> 
     </span>
     <span class='ocr_line' id='line_1_25' title="bbox 205 2638 1253 2725; baseline -0.001 -21"><span class='ocrx_word' id='word_1_184' title='bbox 205 2639 339 2724; x_wconf 88' lang='lat' dir='ltr'><strong>exempli</strong></span> <span class='ocrx_word' id='word_1_185' title='bbox 354 2639 472 2704; x_wconf 91' lang='lat' dir='ltr'><strong>locutio</strong></span> <span class='ocrx_word' id='word_1_186' title='bbox 487 2638 558 2703; x_wconf 88' lang='lat' dir='ltr'><strong>en&#39;t.</strong></span> <span class='ocrx_word' id='word_1_187' title='bbox 591 2639 701 2704; x_wconf 87' lang='lat' dir='ltr'><strong>Habet</strong></span> <span class='ocrx_word' id='word_1_188' title='bbox 715 2640 813 2704; x_wconf 91' lang='lat' dir='ltr'><strong>editio</strong></span> <span class='ocrx_word' id='word_1_189' title='bbox 828 2639 974 2725; x_wconf 90' lang='lat' dir='ltr'><strong>princeps</strong></span> <span class='ocrx_word' id='word_1_190' title='bbox 988 2639 1155 2704; x_wconf 76' lang='lat' dir='ltr'><strong>conditione</strong></span> <span class='ocrx_word' id='word_1_191' title='bbox 1170 2639 1253 2703; x_wconf 82' lang='lat' dir='ltr'><strong>dctoe</strong></span> 
     </span>
     <span class='ocr_line' id='line_1_26' title="bbox 206 2725 1252 2810; baseline -0.001 -20"><span class='ocrx_word' id='word_1_192' title='bbox 206 2725 271 2790; x_wconf 88' lang='lat' dir='ltr'><strong>scil.</strong></span> <span class='ocrx_word' id='word_1_193' title='bbox 286 2725 491 2810; x_wconf 85' lang='lat' dir='ltr'><strong>poenitentiae,</strong></span> <span class='ocrx_word' id='word_1_194' title='bbox 507 2747 566 2789; x_wconf 91' lang='lat' dir='ltr'><strong>nec</strong></span> <span class='ocrx_word' id='word_1_195' title='bbox 580 2725 640 2790; x_wconf 91' lang='lat' dir='ltr'><strong>hoc</strong></span> <span class='ocrx_word' id='word_1_196' title='bbox 659 2727 777 2789; x_wconf 90' lang='lat' dir='ltr'><strong>malum</strong></span> <span class='ocrx_word' id='word_1_197' title='bbox 800 2747 868 2790; x_wconf 89' lang='lat' dir='ltr'><strong>esse</strong></span> <span class='ocrx_word' id='word_1_198' title='bbox 889 2726 937 2790; x_wconf 90' lang='lat' dir='ltr'><strong>ait</strong></span> <span class='ocrx_word' id='word_1_199' title='bbox 952 2726 1118 2790; x_wconf 88' lang='lat' dir='ltr'><strong>Semlerus.</strong></span> <span class='ocrx_word' id='word_1_200' title='bbox 1166 2725 1252 2789; x_wconf 71' lang='lat' dir='ltr'><strong>Prae</strong></span> 
     </span>
     <span class='ocr_line' id='line_1_27' title="bbox 206 2810 1253 2887; baseline -0.001 -11"><span class='ocrx_word' id='word_1_201' title='bbox 206 2813 316 2876; x_wconf 85' lang='lat' dir='ltr'><strong>stabat</strong></span> <span class='ocrx_word' id='word_1_202' title='bbox 330 2819 438 2875; x_wconf 87' lang='lat' dir='ltr'><strong>cutem</strong></span> <span class='ocrx_word' id='word_1_203' title='bbox 458 2811 625 2875; x_wconf 69' lang='lat' dir='ltr'><strong>verditione</strong></span> <span class='ocrx_word' id='word_1_204' title='bbox 638 2810 697 2875; x_wconf 81' lang='lat' dir='ltr'><strong>cili</strong></span> <span class='ocrx_word' id='word_1_205' title='bbox 711 2811 787 2874; x_wconf 74' lang='lat' dir='ltr'><strong>dara</strong></span> <span class='ocrx_word' id='word_1_206' title='bbox 800 2817 884 2875; x_wconf 89' lang='lat' dir='ltr'><strong>teste</strong></span> <span class='ocrx_word' id='word_1_207' title='bbox 901 2811 1052 2887; x_wconf 87' lang='lat' dir='ltr'><strong>Pamelio,</strong></span> <span class='ocrx_word' id='word_1_208' title='bbox 1071 2811 1142 2874; x_wconf 89' lang='lat' dir='ltr'><strong>MS.</strong></span> <span class='ocrx_word' id='word_1_209' title='bbox 1159 2810 1253 2875; x_wconf 90' lang='lat' dir='ltr'><strong>Vati-</strong></span> 
     </span>
     <span class='ocr_line' id='line_1_28' title="bbox 206 2896 1251 2962; baseline -0.001 -1"><span class='ocrx_word' id='word_1_210' title='bbox 206 2919 315 2961; x_wconf 90' lang='lat' dir='ltr'><strong>canus.</strong></span> <span class='ocrx_word' id='word_1_211' title='bbox 362 2897 490 2962; x_wconf 89' lang='lat' dir='ltr'><strong>Interea</strong></span> <span class='ocrx_word' id='word_1_212' title='bbox 504 2897 670 2962; x_wconf 66' lang='lat' dir='ltr'><strong>conditioni</strong></span> <span class='ocrx_word' id='word_1_213' title='bbox 680 2898 800 2961; x_wconf 89' lang='lat' dir='ltr'><strong>habent</strong></span> <span class='ocrx_word' id='word_1_214' title='bbox 810 2896 859 2960; x_wconf 90' lang='lat' dir='ltr'><strong>ed.</strong></span> <span class='ocrx_word' id='word_1_215' title='bbox 872 2897 1017 2960; x_wconf 79' lang='lat' dir='ltr'><strong>lthcnani</strong></span> <span class='ocrx_word' id='word_1_216' title='bbox 1029 2897 1085 2960; x_wconf 90' lang='lat' dir='ltr'><strong>ult.</strong></span> <span class='ocrx_word' id='word_1_217' title='bbox 1097 2904 1132 2960; x_wconf 89' lang='lat' dir='ltr'><strong>et</strong></span> <span class='ocrx_word' id='word_1_218' title='bbox 1147 2897 1251 2960; x_wconf 88' lang='lat' dir='ltr'><strong>Paris.</strong></span> 
     </span>
     <span class='ocr_line' id='line_1_29' title="bbox 207 2981 1253 3068; baseline -0.003 -22"><span class='ocrx_word' id='word_1_219' title='bbox 207 2984 318 3068; x_wconf 89' lang='lat' dir='ltr'><strong>prima.</strong></span> <span class='ocrx_word' id='word_1_220' title='bbox 363 2983 531 3059; x_wconf 83' lang='lat' dir='ltr'><strong>Oaetennn,</strong></span> <span class='ocrx_word' id='word_1_221' title='bbox 548 2984 654 3068; x_wconf 87' lang='lat' dir='ltr'><strong>pergit</strong></span> <span class='ocrx_word' id='word_1_222' title='bbox 673 2983 777 3046; x_wconf 88' lang='lat' dir='ltr'><strong>dicere</strong></span> <span class='ocrx_word' id='word_1_223' title='bbox 799 2981 967 3059; x_wconf 86' lang='lat' dir='ltr'><strong>Semlerus,</strong></span> <span class='ocrx_word' id='word_1_224' title='bbox 983 2983 1065 3046; x_wconf 83' lang='lat' dir='ltr'><strong>banc</strong></span> <span class='ocrx_word' id='word_1_225' title='bbox 1086 2981 1253 3046; x_wconf 87' lang='lat' dir='ltr'><strong>historiam</strong></span> 
     </span>
     <span class='ocr_line' id='line_1_30' title="bbox 208 3066 1253 3153; baseline -0.002 -22"><span class='ocrx_word' id='word_1_226' title='bbox 208 3068 377 3132; x_wconf 87' lang='lat' dir='ltr'><strong>dolendum</strong></span> <span class='ocrx_word' id='word_1_227' title='bbox 392 3069 477 3153; x_wconf 91' lang='lat' dir='ltr'><strong>quod</strong></span> <span class='ocrx_word' id='word_1_228' title='bbox 492 3068 545 3131; x_wconf 90' lang='lat' dir='ltr'><strong>alii</strong></span> <span class='ocrx_word' id='word_1_229' title='bbox 559 3069 716 3153; x_wconf 87' lang='lat' dir='ltr'><strong>copiosius</strong></span> <span class='ocrx_word' id='word_1_230' title='bbox 730 3089 794 3131; x_wconf 92' lang='lat' dir='ltr'><strong>non</strong></span> <span class='ocrx_word' id='word_1_231' title='bbox 809 3066 1001 3131; x_wconf 90' lang='lat' dir='ltr'><strong>describant.</strong></span> <span class='ocrx_word' id='word_1_232' title='bbox 1048 3066 1155 3131; x_wconf 90' lang='lat' dir='ltr'><strong>Simile</strong></span> <span class='ocrx_word' id='word_1_233' title='bbox 1177 3067 1253 3151; x_wconf 92' lang='lat' dir='ltr'><strong>quid</strong></span> 
     </span>
     <span class='ocr_line' id='line_1_31' title="bbox 207 3151 1166 3251; baseline -0.003 -34"><span class='ocrx_word' id='word_1_234' title='bbox 207 3154 248 3218; x_wconf 92' lang='lat' dir='ltr'><strong>de</strong></span> <span class='ocrx_word' id='word_1_235' title='bbox 262 3154 405 3219; x_wconf 72' lang='lat' dir='ltr'><strong>Cerdone</strong></span> <span class='ocrx_word' id='word_1_236' title='bbox 420 3153 570 3220; x_wconf 86' lang='lat' dir='ltr'><strong>haeretico</strong></span> <span class='ocrx_word' id='word_1_237' title='bbox 584 3153 726 3218; x_wconf 85' lang='lat' dir='ltr'><strong>narravit</strong></span> <span class='ocrx_word' id='word_1_238' title='bbox 742 3153 882 3216; x_wconf 79' lang='lat' dir='ltr'><strong>Irenaeus</strong></span> <span class='ocrx_word' id='word_1_239' title='bbox 896 3152 951 3215; x_wconf 93' lang='lat' dir='ltr'><strong>lib.</strong></span> <span class='ocrx_word' id='word_1_240' title='bbox 971 3151 1035 3214; x_wconf 91' lang='grc' dir='ltr'><strong>ΙΙΙ.</strong></span> <span class='ocrx_word' id='word_1_241' title='bbox 1051 3174 1119 3251; x_wconf 90' lang='lat' dir='ltr'><strong>cap.</strong></span> <span class='ocrx_word' id='word_1_242' title='bbox 1135 3172 1166 3230; x_wconf 90' lang='lat'><strong>4.</strong></span> 
     </span>
    </p>

    <p class='ocr_par' dir='ltr' id='par_1_5' title="bbox 207 3236 1255 3752">
     <span class='ocr_line' id='line_1_32' title="bbox 251 3236 1253 3324; baseline -0.004 -20"><span class='ocrx_word' id='word_1_243' title='bbox 251 3240 291 3304; x_wconf 87' lang='lat' dir='ltr'><strong>P.</strong></span> <span class='ocrx_word' id='word_1_244' title='bbox 312 3242 382 3320; x_wconf 90' lang='lat'>146.</span> <span class='ocrx_word' id='word_1_245' title='bbox 406 3238 426 3302; x_wconf 91' lang='lat' dir='ltr'><strong>l.</strong></span> <span class='ocrx_word' id='word_1_246' title='bbox 447 3257 476 3322; x_wconf 89' lang='lat'><strong>7.</strong></span> <span class='ocrx_word' id='word_1_247' title='bbox 502 3246 576 3324; x_wconf 88' lang='lat' dir='ltr'><strong>post</strong></span> <span class='ocrx_word' id='word_1_248' title='bbox 601 3261 701 3304; x_wconf 89' lang='lat' dir='ltr'><strong>annos</strong></span> <span class='ocrx_word' id='word_1_249' title='bbox 730 3239 906 3324; x_wconf 86' lang='lat' dir='ltr'><strong>regressus]</strong></span> <span class='ocrx_word' id='word_1_250' title='bbox 935 3236 1138 3300; x_wconf 86' lang='lat' dir='ltr'><strong>Wouwenus</strong></span> <span class='ocrx_word' id='word_1_251' title='bbox 1162 3236 1253 3301; x_wconf 85' lang='lat' dir='ltr'><strong>addit</strong></span> 
     </span>
     <span class='ocr_line' id='line_1_33' title="bbox 207 3322 1254 3410; baseline -0.004 -22"><span class='ocrx_word' id='word_1_252' title='bbox 207 3325 333 3410; x_wconf 62' lang='lat' dir='ltr'><strong>clipeum</strong></span> <span class='ocrx_word' id='word_1_253' title='bbox 378 3324 490 3388; x_wconf 87' lang='lat' dir='ltr'><strong>Viden&#39;</strong></span> <span class='ocrx_word' id='word_1_254' title='bbox 511 3325 621 3410; x_wconf 88' lang='lat' dir='ltr'><strong>possit,</strong></span> <span class='ocrx_word' id='word_1_255' title='bbox 640 3325 782 3389; x_wconf 86' lang='lat' dir='ltr'><strong>litteram</strong></span> <span class='ocrx_word' id='word_1_256' title='bbox 803 3323 854 3386; x_wconf 91' lang='lat' dir='ltr'><strong>hic</strong></span> <span class='ocrx_word' id='word_1_257' title='bbox 880 3322 1033 3386; x_wconf 86' lang='lat' dir='ltr'><strong>excidisse</strong></span> <span class='ocrx_word' id='word_1_258' title='bbox 1060 3322 1254 3386; x_wconf 86' lang='lat' dir='ltr'><strong>numeralem</strong></span> 
     </span>
     <span class='ocr_line' id='line_1_34' title="bbox 207 3407 1254 3496; baseline -0.003 -22"><span class='ocrx_word' id='word_1_259' title='bbox 207 3432 236 3475; x_wconf 85' lang='lat' dir='ltr'><strong>v.</strong></span> <span class='ocrx_word' id='word_1_260' title='bbox 264 3433 290 3474; x_wconf 93' lang='lat' dir='ltr'><strong>c.</strong></span> <span class='ocrx_word' id='word_1_261' title='bbox 317 3410 358 3473; x_wconf 89' lang='lat' dir='ltr'><strong>V.</strong></span> <span class='ocrx_word' id='word_1_262' title='bbox 401 3411 528 3495; x_wconf 89' lang='lat' dir='ltr'><strong>uinque.</strong></span> <span class='ocrx_word' id='word_1_263' title='bbox 575 3411 638 3476; x_wconf 87' lang='lat' dir='ltr'><strong>Sed</strong></span> <span class='ocrx_word' id='word_1_264' title='bbox 668 3409 825 3496; x_wconf 79' lang='lat' dir='ltr'><strong>ignoravit</strong></span> <span class='ocrx_word' id='word_1_265' title='bbox 854 3408 946 3493; x_wconf 91' lang='lat' dir='ltr'><strong>plura</strong></span> <span class='ocrx_word' id='word_1_266' title='bbox 974 3414 1008 3472; x_wconf 90' lang='lat' dir='ltr'><strong>et</strong></span> <span class='ocrx_word' id='word_1_267' title='bbox 1037 3407 1174 3472; x_wconf 87' lang='lat' dir='ltr'><strong>certiora</strong></span> <span class='ocrx_word' id='word_1_268' title='bbox 1204 3408 1254 3471; x_wconf 90' lang='lat' dir='ltr'><strong>hic</strong></span> 
     </span>
     <span class='ocr_line' id='line_1_35' title="bbox 208 3433 1254 3582; baseline -0.003 -22"><span class='ocrx_word' id='word_1_269' title='bbox 208 3495 354 3582; x_wconf 88' lang='lat' dir='ltr'><strong>scriptor.</strong></span> <span class='ocrx_word' id='word_1_270' title='bbox 378 3433 511 3560; x_wconf 56' lang='lat' dir='ltr'><strong>§rmum</strong></span> <span class='ocrx_word' id='word_1_271' title='bbox 557 3496 683 3560; x_wconf 88' lang='lat' dir='ltr'><strong>Auctor</strong></span> <span class='ocrx_word' id='word_1_272' title='bbox 704 3494 799 3558; x_wconf 90' lang='lat' dir='ltr'><strong>libelli</strong></span> <span class='ocrx_word' id='word_1_273' title='bbox 817 3494 929 3558; x_wconf 69' lang='lat' dir='ltr'><strong>Onna</strong></span> <span class='ocrx_word' id='word_1_274' title='bbox 944 3494 1090 3570; x_wconf 80' lang='lat' dir='ltr'><strong>Hoerecca,</strong></span> <span class='ocrx_word' id='word_1_275' title='bbox 1106 3492 1160 3577; x_wconf 91' lang='lat' dir='ltr'><strong>qui</strong></span> <span class='ocrx_word' id='word_1_276' title='bbox 1180 3492 1254 3557; x_wconf 92' lang='lat' dir='ltr'><strong>huic</strong></span> 
     </span>
     <span class='ocr_line' id='line_1_36' title="bbox 208 3579 1255 3667; baseline -0.003 -23"><span class='ocrx_word' id='word_1_277' title='bbox 208 3583 394 3667; x_wconf 88' lang='lat' dir='ltr'><strong>subjunctus</strong></span> <span class='ocrx_word' id='word_1_278' title='bbox 408 3588 467 3660; x_wconf 86' lang='lat' dir='ltr'><strong>est,</strong></span> <span class='ocrx_word' id='word_1_279' title='bbox 482 3581 588 3667; x_wconf 89' lang='lat' dir='ltr'><strong>capite</strong></span> <span class='ocrx_word' id='word_1_280' title='bbox 603 3601 633 3663; x_wconf 88' lang='lat'><strong>7.</strong></span> <span class='ocrx_word' id='word_1_281' title='bbox 648 3587 769 3658; x_wconf 88' lang='lat' dir='ltr'><strong>narrat,</strong></span> <span class='ocrx_word' id='word_1_282' title='bbox 784 3589 969 3665; x_wconf 56' lang='lat' dir='ltr'><strong>epagatum</strong></span> <span class='ocrx_word' id='word_1_283' title='bbox 985 3601 1044 3643; x_wconf 80' lang='lat' dir='ltr'><strong>case</strong></span> <span class='ocrx_word' id='word_1_284' title='bbox 1057 3602 1079 3642; x_wconf 88' lang='lat' dir='ltr'><strong>c</strong></span> <span class='ocrx_word' id='word_1_285' title='bbox 1094 3579 1255 3642; x_wconf 73' lang='lat' dir='ltr'><strong>Marciaco</strong></span> 
     </span>
     <span class='ocr_line' id='line_1_37' title="bbox 208 3665 989 3752; baseline -0.003 -22"><span class='ocrx_word' id='word_1_286' title='bbox 208 3667 356 3752; x_wconf 75' lang='lat' dir='ltr'><strong>Apellam,</strong></span> <span class='ocrx_word' id='word_1_287' title='bbox 366 3677 526 3752; x_wconf 78' lang='lat' dir='ltr'><strong>postquam</strong></span> <span class='ocrx_word' id='word_1_288' title='bbox 540 3668 575 3730; x_wconf 83' lang='lat' dir='ltr'><strong>in</strong></span> <span class='ocrx_word' id='word_1_289' title='bbox 588 3687 710 3731; x_wconf 67' lang='lat' dir='ltr'><strong>conam</strong></span> <span class='ocrx_word' id='word_1_290' title='bbox 723 3689 811 3730; x_wconf 85' lang='lat' dir='ltr'><strong>scam</strong></span> <span class='ocrx_word' id='word_1_291' title='bbox 825 3665 857 3729; x_wconf 81' lang='lat' dir='ltr'><strong>la</strong></span> <span class='ocrx_word' id='word_1_292' title='bbox 878 3687 928 3729; x_wconf 78' lang='lat' dir='ltr'><strong>nu</strong></span> <span class='ocrx_word' id='word_1_293' title='bbox 940 3666 989 3728; x_wconf 82' lang='lat' dir='ltr'><strong>sit.</strong></span> 
     </span>
    </p>

    <p class='ocr_par' dir='ltr' id='par_1_6' title="bbox 254 3687 1147 3838">
     <span class='ocr_line' id='line_1_38' title="bbox 254 3687 1147 3838; baseline -0.002 -23"><span class='ocrx_word' id='word_1_294' title='bbox 254 3754 336 3817; x_wconf 89' lang='lat' dir='ltr'><strong>lbid.</strong></span> <span class='ocrx_word' id='word_1_295' title='bbox 352 3753 371 3816; x_wconf 88' lang='lat' dir='ltr'><strong>l.</strong></span> <span class='ocrx_word' id='word_1_296' title='bbox 389 3775 418 3837; x_wconf 89' lang='lat'><strong>9.</strong></span> <span class='ocrx_word' id='word_1_297' title='bbox 436 3759 547 3838; x_wconf 89' lang='lat' dir='ltr'><strong>(quam</strong></span> <span class='ocrx_word' id='word_1_298' title='bbox 562 3775 658 3838; x_wconf 89' lang='lat' dir='ltr'><strong>supra</strong></span> <span class='ocrx_word' id='word_1_299' title='bbox 672 3687 981 3836; x_wconf 56' lang='lat' dir='ltr'><strong>edidimusffSupra</strong></span> <span class='ocrx_word' id='word_1_300' title='bbox 995 3772 1031 3814; x_wconf 87' lang='lat' dir='ltr'><strong>ca</strong></span> <span class='ocrx_word' id='word_1_301' title='bbox 1055 3750 1100 3816; x_wconf 89' lang='lat' dir='ltr'><strong>ite</strong></span> <span class='ocrx_word' id='word_1_302' title='bbox 1115 3753 1147 3814; x_wconf 92' lang='lat'><strong>6.</strong></span> 
     </span>
    </p>
   </div>
   <div class='ocr_carea' id='block_1_3' title="bbox 209 3773 1258 4504">
    <p class='ocr_par' dir='ltr' id='par_1_7' title="bbox 209 3773 1257 4095">
     <span class='ocr_line' id='line_1_39' title="bbox 254 3773 1255 3923; baseline -0.002 -23"><span class='ocrx_word' id='word_1_303' title='bbox 254 3837 334 3902; x_wconf 93' lang='lat' dir='ltr'><strong>Ibid.</strong></span> <span class='ocrx_word' id='word_1_304' title='bbox 359 3837 381 3901; x_wconf 93' lang='lat' dir='ltr'><strong>l.</strong></span> <span class='ocrx_word' id='word_1_305' title='bbox 409 3857 459 3904; x_wconf 83' lang='lat'><strong>22.</strong></span> <span class='ocrx_word' id='word_1_306' title='bbox 484 3839 543 3903; x_wconf 89' lang='lat' dir='ltr'><strong>boe</strong></span> <span class='ocrx_word' id='word_1_307' title='bbox 567 3839 708 3922; x_wconf 91' lang='lat' dir='ltr'><strong>nomine]</strong></span> <span class='ocrx_word' id='word_1_308' title='bbox 738 3838 851 3901; x_wconf 90' lang='lat' dir='ltr'><strong>Posuit</strong></span> <span class='ocrx_word' id='word_1_309' title='bbox 880 3837 1007 3921; x_wconf 89' lang='lat' dir='ltr'><strong>quidem</strong></span> <span class='ocrx_word' id='word_1_310' title='bbox 1031 3773 1189 3923; x_wconf 56' lang='lat' dir='ltr'><strong>Rigaltius</strong></span> <span class='ocrx_word' id='word_1_311' title='bbox 1215 3855 1255 3898; x_wconf 86' lang='lat' dir='ltr'><strong>ex</strong></span> 
     </span>
     <span class='ocr_line' id='line_1_40' title="bbox 211 3923 1256 4008; baseline -0.005 -21"><span class='ocrx_word' id='word_1_312' title='bbox 211 3923 385 3988; x_wconf 87' lang='lat' dir='ltr'><strong>Wouwerii</strong></span> <span class='ocrx_word' id='word_1_313' title='bbox 407 3924 514 3989; x_wconf 88' lang='lat' dir='ltr'><strong>codice</strong></span> <span class='ocrx_word' id='word_1_314' title='bbox 535 3923 588 3988; x_wconf 78' lang='lat' dir='ltr'><strong>boc</strong></span> <span class='ocrx_word' id='word_1_315' title='bbox 608 3926 736 4000; x_wconf 75' lang='lat' dir='ltr'><strong>ormino,</strong></span> <span class='ocrx_word' id='word_1_316' title='bbox 752 3923 838 4008; x_wconf 90' lang='lat' dir='ltr'><strong>quod</strong></span> <span class='ocrx_word' id='word_1_317' title='bbox 859 3929 946 3987; x_wconf 89' lang='lat' dir='ltr'><strong>recte</strong></span> <span class='ocrx_word' id='word_1_318' title='bbox 965 3928 1169 3987; x_wconf 87' lang='lat' dir='ltr'><strong>mutaverunt</strong></span> <span class='ocrx_word' id='word_1_319' title='bbox 1184 3941 1256 3984; x_wconf 92' lang='lat' dir='ltr'><strong>cum</strong></span> 
     </span>
     <span class='ocr_line' id='line_1_41' title="bbox 209 4007 1257 4095; baseline -0.007 -21"><span class='ocrx_word' id='word_1_320' title='bbox 209 4010 312 4074; x_wconf 79' lang='lat' dir='ltr'><strong>altera</strong></span> <span class='ocrx_word' id='word_1_321' title='bbox 330 4010 465 4075; x_wconf 89' lang='lat' dir='ltr'><strong>lectione</strong></span> <span class='ocrx_word' id='word_1_322' title='bbox 489 4010 597 4095; x_wconf 87' lang='lat' dir='ltr'><strong>Lupus</strong></span> <span class='ocrx_word' id='word_1_323' title='bbox 617 4018 651 4074; x_wconf 90' lang='lat' dir='ltr'><strong>et</strong></span> <span class='ocrx_word' id='word_1_324' title='bbox 666 4009 865 4073; x_wconf 83' lang='lat' dir='ltr'><strong>Thomasius.</strong></span> <span class='ocrx_word' id='word_1_325' title='bbox 909 4007 1012 4071; x_wconf 90' lang='lat' dir='ltr'><strong>Porro</strong></span> <span class='ocrx_word' id='word_1_326' title='bbox 1034 4009 1061 4072; x_wconf 88' lang='lat' dir='ltr'><strong>si</strong></span> <span class='ocrx_word' id='word_1_327' title='bbox 1084 4007 1257 4072; x_wconf 89' lang='lat' dir='ltr'><strong>adderetur</strong></span> 
     </span>
    </p>

    <p class='ocr_par' dir='ltr' id='par_1_8' title="bbox 231 4092 1256 4266">
     <span class='ocr_line' id='line_1_42' title="bbox 231 4092 1256 4181; baseline -0.007 -21"><span class='ocrx_word' id='word_1_328' title='bbox 231 4103 362 4161; x_wconf 87' lang='lat' dir='ltr'><strong>unctum</strong></span> <span class='ocrx_word' id='word_1_329' title='bbox 390 4105 465 4181; x_wconf 86' lang='lat' dir='ltr'><strong>post</strong></span> <span class='ocrx_word' id='word_1_330' title='bbox 493 4117 602 4160; x_wconf 88' lang='lat' dir='ltr'><strong>vocem</strong></span> <span class='ocrx_word' id='word_1_331' title='bbox 632 4105 720 4171; x_wconf 78' lang='lat' dir='ltr'><strong>retro,</strong></span> <span class='ocrx_word' id='word_1_332' title='bbox 750 4094 837 4158; x_wconf 88' lang='lat' dir='ltr'><strong>hnud</strong></span> <span class='ocrx_word' id='word_1_333' title='bbox 865 4092 1053 4178; x_wconf 86' lang='lat' dir='ltr'><strong>ejiciendum</strong></span> <span class='ocrx_word' id='word_1_334' title='bbox 1076 4094 1159 4158; x_wconf 80' lang='lat' dir='ltr'><strong>soret</strong></span> <span class='ocrx_word' id='word_1_335' title='bbox 1184 4113 1256 4156; x_wconf 87' lang='lat' dir='ltr'><strong>curn</strong></span> 
     </span>
     <span class='ocr_line' id='line_1_43' title="bbox 259 4180 1036 4266; baseline -0.008 -20"><span class='ocrx_word' id='word_1_336' title='bbox 259 4182 395 4246; x_wconf 87' lang='lat' dir='ltr'><strong>ouwerio</strong></span> <span class='ocrx_word' id='word_1_337' title='bbox 410 4183 555 4258; x_wconf 61' lang='lat' dir='ltr'><strong>amaran,</strong></span> <span class='ocrx_word' id='word_1_338' title='bbox 572 4189 609 4246; x_wconf 89' lang='lat' dir='ltr'><strong>ut</strong></span> <span class='ocrx_word' id='word_1_339' title='bbox 624 4182 693 4266; x_wconf 89' lang='lat' dir='ltr'><strong>ejus</strong></span> <span class='ocrx_word' id='word_1_340' title='bbox 707 4180 1036 4265; x_wconf 87' lang='lat' dir='ltr'><strong>interpretamentum.</strong></span> 
     </span>
    </p>

    <p class='ocr_par' dir='ltr' id='par_1_9' title="bbox 209 4263 1258 4504">
     <span class='ocr_line' id='line_1_44' title="bbox 255 4263 1258 4353; baseline -0.004 -22"><span class='ocrx_word' id='word_1_341' title='bbox 255 4268 337 4331; x_wconf 88' lang='lat' dir='ltr'><strong>lbid.</strong></span> <span class='ocrx_word' id='word_1_342' title='bbox 352 4267 372 4330; x_wconf 94' lang='lat' dir='ltr'><strong>l.</strong></span> <span class='ocrx_word' id='word_1_343' title='bbox 391 4287 440 4348; x_wconf 75' lang='lat'><strong>25.</strong></span> <span class='ocrx_word' id='word_1_344' title='bbox 464 4266 610 4353; x_wconf 88' lang='lat' dir='ltr'><strong>Nigidius</strong></span> <span class='ocrx_word' id='word_1_345' title='bbox 631 4266 737 4332; x_wconf 87' lang='lat' dir='ltr'><strong>nescio</strong></span> <span class='ocrx_word' id='word_1_346' title='bbox 759 4267 838 4350; x_wconf 90' lang='lat' dir='ltr'><strong>quis,</strong></span> <span class='ocrx_word' id='word_1_347' title='bbox 861 4273 895 4330; x_wconf 90' lang='lat' dir='ltr'><strong>et</strong></span> <span class='ocrx_word' id='word_1_348' title='bbox 919 4264 1156 4352; x_wconf 87' lang='lat' dir='ltr'><strong>Hermogenes]</strong></span> <span class='ocrx_word' id='word_1_349' title='bbox 1179 4263 1258 4346; x_wconf 80' lang='lat' dir='ltr'><strong>Quis</strong></span> 
     </span>
     <span class='ocr_line' id='line_1_45' title="bbox 209 4351 1257 4504; baseline -0.004 -88"><span class='ocrx_word' id='word_1_350' title='bbox 209 4353 305 4418; x_wconf 81' lang='lat' dir='ltr'><strong>inerit</strong></span> <span class='ocrx_word' id='word_1_351' title='bbox 321 4351 477 4438; x_wconf 90' lang='lat' dir='ltr'><strong>Nigidius,</strong></span> <span class='ocrx_word' id='word_1_352' title='bbox 493 4354 694 4504; x_wconf 61' lang='lat' dir='ltr'><strong>ignoramum</strong></span> <span class='ocrx_word' id='word_1_353' title='bbox 720 4351 862 4415; x_wconf 88' lang='lat' dir='ltr'><strong>novimus</strong></span> <span class='ocrx_word' id='word_1_354' title='bbox 883 4359 991 4415; x_wconf 85' lang='lat' dir='ltr'><strong>autem</strong></span> <span class='ocrx_word' id='word_1_355' title='bbox 1008 4351 1159 4415; x_wconf 81' lang='lat' dir='ltr'><strong>adversus</strong></span> <span class='ocrx_word' id='word_1_356' title='bbox 1175 4351 1257 4415; x_wconf 88' lang='lat' dir='ltr'><strong>Her-</strong></span> 
     </span>
    </p>

    <p class='ocr_par' dir='ltr' id='par_1_10' title="bbox 525 4461 546 4504">
     <span class='ocr_line' id='line_1_46' title="bbox 525 4461 546 4504; baseline 0 0"><span class='ocrx_word' id='word_1_357' title='bbox 525 4461 546 4504; x_wconf 89' lang='lat' dir='ltr'><strong>a</strong></span> 
     </span>
    </p>
   </div>
   <div class='ocr_carea' id='block_1_4' title="bbox 546 4435 1124 4522">
    <p class='ocr_par' dir='ltr' id='par_1_11' title="bbox 546 4435 1124 4522">
     <span class='ocr_line' id='line_1_47' title="bbox 546 4435 1124 4522; baseline -0.003 -18"><span class='ocrx_word' id='word_1_358' title='bbox 546 4461 622 4504; x_wconf 90' lang='lat' dir='ltr'><strong>num</strong></span> <span class='ocrx_word' id='word_1_359' title='bbox 636 4439 752 4504; x_wconf 93' lang='lat' dir='ltr'><strong>librum</strong></span> <span class='ocrx_word' id='word_1_360' title='bbox 766 4435 937 4522; x_wconf 88' lang='lat' dir='ltr'><strong>scripsisse,</strong></span> <span class='ocrx_word' id='word_1_361' title='bbox 954 4435 1007 4521; x_wconf 92' lang='lat' dir='ltr'><strong>qui</strong></span> <span class='ocrx_word' id='word_1_362' title='bbox 1023 4445 1124 4502; x_wconf 87' lang='lat' dir='ltr'><strong>extat.</strong></span> 
     </span>
    </p>
   </div>
   <div class='ocr_carea' id='block_1_5' title="bbox 210 4439 744 4586">
    <p class='ocr_par' dir='ltr' id='par_1_12' title="bbox 210 4439 744 4586">
     <span class='ocr_line' id='line_1_48' title="bbox 210 4439 744 4586; baseline 0.009 -84"><span class='ocrx_word' id='word_1_363' title='bbox 210 4460 375 4526; x_wconf 86' lang='lat' dir='ltr'><strong>mogenem</strong></span> <span class='ocrx_word' id='word_1_364' title='bbox 391 4439 470 4504; x_wconf 83' lang='lat' dir='ltr'><strong>Tert</strong></span> <span class='ocrx_word' id='word_1_365' title='bbox 723 4523 744 4586; x_wconf 78' lang='lat' dir='ltr'>d</span> 
     </span>
     <span class='ocr_line' id='line_1_49' title="bbox 688 4547 709 4586; baseline 0 0"><span class='ocrx_word' id='word_1_366' title='bbox 688 4547 709 4586; x_wconf 91' lang='lat' dir='ltr'><strong>n</strong></span> 
     </span>
    </p>
   </div>
   <div class='ocr_carea' id='block_1_6' title="bbox 0 0 1676 5200">
    <p class='ocr_par' dir='ltr' id='par_1_13' title="bbox 0 0 1676 5200">
     <span class='ocr_line' id='line_1_50' title="bbox 0 0 1676 5200; baseline 0 0"><span class='ocrx_word' id='word_1_367' title='bbox 0 0 1676 5200; x_wconf 95' lang='lat' dir='ltr'><strong> </strong></span> 
     </span>
    </p>
   </div>
   <div class='ocr_carea' id='block_1_7' title="bbox 1657 0 1667 1914">
    <p class='ocr_par' dir='ltr' id='par_1_14' title="bbox 1657 0 1667 1914">
     <span class='ocr_line' id='line_1_51' title="bbox 1657 0 1667 1914; baseline 0 0"><span class='ocrx_word' id='word_1_368' title='bbox 1657 0 1667 1914; x_wconf 95' lang='lat' dir='ltr'><strong> </strong></span> 
     </span>
    </p>
   </div>
   <div class='ocr_carea' id='block_1_8' title="bbox 1657 0 1667 1914">
    <p class='ocr_par' dir='ltr' id='par_1_15' title="bbox 1657 0 1667 1914">
     <span class='ocr_line' id='line_1_52' title="bbox 1657 0 1667 1914; baseline 0 0"><span class='ocrx_word' id='word_1_369' title='bbox 1657 0 1667 1914; x_wconf 95' lang='lat' dir='ltr'><strong> </strong></span> 
     </span>
    </p>
   </div>
   <div class='ocr_carea' id='block_1_9' title="bbox 1657 0 1667 1914">
    <p class='ocr_par' dir='ltr' id='par_1_16' title="bbox 1657 0 1667 1914">
     <span class='ocr_line' id='line_1_53' title="bbox 1657 0 1667 1914; baseline 0 0"><span class='ocrx_word' id='word_1_370' title='bbox 1657 0 1667 1914; x_wconf 95' lang='lat' dir='ltr'><strong> </strong></span> 
     </span>
    </p>
   </div>
   <div class='ocr_carea' id='block_1_10' title="bbox 1657 0 1667 1914">
    <p class='ocr_par' dir='ltr' id='par_1_17' title="bbox 1657 0 1667 1914">
     <span class='ocr_line' id='line_1_54' title="bbox 1657 0 1667 1914; baseline 0 0"><span class='ocrx_word' id='word_1_371' title='bbox 1657 0 1667 1914; x_wconf 95' lang='lat' dir='ltr'><strong> </strong></span> 
     </span>
    </p>
   </div>
   <div class='ocr_carea' id='block_1_11' title="bbox 1658 0 1666 1914">
    <p class='ocr_par' dir='ltr' id='par_1_18' title="bbox 1658 0 1666 1914">
     <span class='ocr_line' id='line_1_55' title="bbox 1658 0 1666 1914; baseline 0 0"><span class='ocrx_word' id='word_1_372' title='bbox 1658 0 1666 1914; x_wconf 95' lang='lat' dir='ltr'><strong> </strong></span> 
     </span>
    </p>
   </div>
   <div class='ocr_carea' id='block_1_12' title="bbox 1658 2079 1666 3700">
    <p class='ocr_par' dir='ltr' id='par_1_19' title="bbox 1658 2079 1666 3700">
     <span class='ocr_line' id='line_1_56' title="bbox 1658 2079 1666 3700; baseline 0 0"><span class='ocrx_word' id='word_1_373' title='bbox 1658 2079 1666 3700; x_wconf 95' lang='lat' dir='ltr'><strong> </strong></span> 
     </span>
    </p>
   </div>
   <div class='ocr_carea' id='block_1_13' title="bbox 1658 2079 1666 3700">
    <p class='ocr_par' dir='ltr' id='par_1_20' title="bbox 1658 2079 1666 3700">
     <span class='ocr_line' id='line_1_57' title="bbox 1658 2079 1666 3700; baseline 0 0"><span class='ocrx_word' id='word_1_374' title='bbox 1658 2079 1666 3700; x_wconf 95' lang='lat' dir='ltr'><strong> </strong></span> 
     </span>
    </p>
   </div>
  </div>
 </body>
</html>
