3314 5190
366 471 430 534 DE
454 471 612 537 OPERE
636 474 701 538 ET
724 473 1076 540 ELEEMOSYNIS.
1182 479 1247 542 808

196 668 313 718 omnm
339 669 401 716 neo
425 643 566 742 nnsnne
588 645 674 741 qnid
693 671 886 742 pmennns.
937 647 1110 724 Habentes
1133 651 1249 746 itnqnn

197 759 441 834 cohibitionem
461 771 494 833 et
516 771 752 860 taynmentnm,
769 762 826 837 his
842 767 992 838 connati
1007 763 1125 840 simne.
1178 767 1249 858 Qut

198 887 310 950 antem
333 876 448 950 odunt
470 877 592 950 dininas
605 879 703 974 fieri,
727 881 886 954 incidant
911 883 950 952 in
977 885 1194 956 tentationem
1217 893 1249 956 et

199 995 238 1064 in
268 992 493 1089 muscipulam
519 1005 551 1068 ot
578 995 751 1070 desiderio
779 997 887 1071 muita
915 1007 947 1070 et
976 1000 1142 1084 nocentia,
1172 1023 1249 1095 qna

171 1119 357 1206 smerynnt
389 1106 560 1182 dominam
594 1112 633 1182 in
661 1113 892 1208 perditionum
926 1124 958 1188 et
992 1115 1031 1186 in
1060 1117 1249 1188 interitum.

199 1223 324 1296 Rodia
352 1226 444 1296 enim
473 1227 626 1298 omninno
656 1227 825 1300 malornm
855 1239 905 1300 ast
932 1230 1116 1324 cupiditas,
1146 1255 1248 1326 qnam

201 1340 341 1434 qnidam
369 1350 559 1436 appetentes
584 1342 877 1444 nnsssroqnonnnt
901 1346 1026 1440 ofide,
1055 1356 1087 1422 et
1116 1349 1250 1422 insarn-

201 1467 301 1530 erunt
317 1482 353 1530 se
369 1458 542 1532 annaio
559 1459 685 1532 moitis.

252 1574 342 1647 VII.
362 1575 499 1648 Metuis
519 1601 565 1648 ne
585 1579 838 1670 patrimonium
860 1587 963 1650 tuum
984 1580 1076 1650 forte
1098 1581 1249 1665 deficiat,

158 1691 231 1762 rosi
266 1694 402 1784 operari
435 1717 481 1764 ex
511 1717 555 1764 eo
588 1693 734 1788 largiter
762 1695 933 1788 coeperis?
972 1697 1125 1782 Quando
1155 1699 1250 1768 enim

203 1807 418 1880 factumest
447 1809 612 1900 utjusto
641 1818 785 1901 possent
818 1811 940 1882 deesse
972 1812 1136 1896 subsidia
1167 1835 1249 1884 cum

203 1925 374 2016 seriptum
403 1925 470 1997 sit:
508 1923 589 1996 Non
618 1923 745 1996 nunciet
763 1924 866 2022 same
893 1926 1068 1999 Dominae
1097 1928 1248 2000 animone
1259 1945 1367 1994 nom.

194 2038 358 2132 jonatam?
393 2039 517 2112 HeIIas
546 2042 583 2110 in
613 2041 803 2114 solitudine
831 2045 945 2114 eorvis
971 2045 1413 2117 ministrantibussnsan·

204 2158 369 2248 pasoitur,
404 2175 442 2228 et
478 2157 619 2228 Danieli
655 2158 691 2226 in
727 2156 807 2228 laeu
839 2159 884 2228 ad
918 2158 1062 2230 leonum
1094 2161 1379 2252 praedamnans.

161 2272 301 2364 15jussu
336 2275 428 2367 regis
461 2273 597 2346 incluso
630 2274 816 2368 prandium
845 2275 1013 2346 divinitus
1042 2239 1398 2369 apparotunffldm

206 2398 245 2460 et
270 2397 311 2460 tu
336 2392 534 2462 metuisne
557 2391 717 2484 operanti
742 2391 808 2461 tibi
834 2399 871 2461 et
898 2390 1093 2462 Dominum
1116 2413 1254 2485 prome-

207 2507 298 2577 renti
322 2508 413 2578 desit
437 2506 658 2590 alimentum,
679 2507 819 2600 quando
842 2507 917 2600 ipse
940 2507 978 2576 in
1003 2505 1186 2601 evangelio
1208 2506 1254 2578 ad

207 2625 516 2718 exprobrationem
545 2647 668 2694 eorum
702 2623 831 2716 quibus
863 2644 964 2692 mens
994 2623 1105 2694 dubia
1132 2631 1187 2694 est
1215 2631 1254 2693 et

207 2740 295 2812 fides
318 2763 427 2833 parva
454 2747 675 2812 oontestetur
703 2747 741 2810 et
766 2740 880 2810 ilicet:
916 2736 1075 2834 Aspicite
1100 2737 1336 2813 venemens
1345 2754 1378 2802 vi.

162 2854 294 2938 novali,
330 2856 492 2950 qnoniam
526 2877 593 2926 nnn
628 2855 808 2936 seminant,
837 2875 945 2948 neque
978 2862 1115 2936 metnnt,
1149 2877 1256 2948 nequae

209 2969 372 3067 onliiynnt
406 2971 444 3041 in
483 2968 618 3053 durren,
653 2977 684 3039 et
721 2966 831 3038 Pater
870 2976 976 3040 nosne
1015 2965 1156 3038 canatis
1193 2965 1256 3038 otis

210 3082 281 3156 ilio.
332 3083 456 3156 Nonne
480 3107 538 3156 nos
561 3082 678 3178 pinnis
707 3080 778 3154 iliis
805 3081 916 3152 estis?
951 3081 1127 3154 Volucres
1157 3081 1256 3152 Deus

210 3202 332 3294 pascit,
349 3209 387 3270 et
403 3201 600 3293 passeribus
620 3199 790 3270 alimenta
809 3198 935 3270 diurna
955 3206 1189 3292 praestantur3
1218 3207 1256 3269 et

210 3318 338 3411 quibus
363 3317 481 3388 nullus
506 3319 632 3388 divina
658 3316 708 3386 rei
738 3337 860 3386 sensus
885 3322 950 3397 est,
976 3315 1027 3386 eis
1056 3337 1122 3386 nee
1150 3323 1257 3408 potus

165 3457 276 3522 n5neo
302 3433 402 3504 cibus
427 3433 537 3504 deest.
587 3433 641 3504 'Iu
667 3431 878 3512 Christiano,
909 3439 950 3501 tu
975 3430 1045 3500 Dei
1074 3453 1185 3513 servo,
1215 3439 1256 3500 tn

211 3551 374 3642 operibns
399 3550 500 3620 bouis
524 3549 656 3630 dedito,
682 3555 724 3618 tu
748 3546 905 3616 Domino
930 3569 995 3618 suo
1020 3569 1101 3618 earo
1123 3545 1255 3638 aliquid

211 3669 393 3740 existimas
405 3666 634 3738 defuturum?
653 3665 718 3736 nIsi
735 3665 764 3734 si
781 3671 885 3757 putas
903 3665 987 3756 quia
1001 3664 1061 3755 qui
1075 3661 1257 3732 Christum

211 3784 379 3874 pascito
403 3782 545 3853 Christo
571 3783 646 3875 ipso
671 3801 743 3850 non
769 3779 934 3872 pasoitur,
957 3789 1020 3850 aut
1042 3777 1094 3848 eis
1118 3786 1259 3870 terrena

212 3899 362 3970 deerunt
378 3899 506 3992 quibus
523 3897 681 3968 eoelestia
696 3903 734 3966 et
751 3896 870 3965 diviua
889 3893 1104 3964 tribuuntur.

165 4041 204 4099 ³0
263 4013 373 4088 VIII.
398 4014 505 4086 Unde
527 4013 605 4084 haee
629 4010 808 4082 incredula
833 4011 1011 4104 cogitatio,
1029 4010 1125 4080 unde
1150 4011 1259 4104 impia

212 4139 251 4200 et
280 4129 450 4224 sacrilega
477 4131 545 4200 ista
575 4127 787 4198 meditatio?
839 4125 934 4208 Quid
964 4126 1050 4196 iacit
1084 4126 1121 4198 in
1150 4127 1256 4198 domo

214 4247 295 4318 fidei
328 4247 501 4340 perfidum
535 4243 682 4338 pectus?
720 4243 816 4328 Quid
845 4241 905 4333 qni
939 4239 1081 4312 Christo
1115 4243 1259 4314 omnino

213 4387 283 4432 non
301 4365 414 4434 eredit
431 4359 628 4454 appellatur
641 4368 679 4430 et
692 4359 822 4430 dieitur
833 4355 1070 4428 Christianus?
1090 4355 1257 4428 Pharisaei

12 4487 15 4604 i

13 4769 15 4878 i
