3326 5200
407 453 473 518 200
746 451 1124 516 ANNOTA'l'IONES

412 623 526 689 Posuit
539 623 692 688 oaldolieoe
707 621 865 708 Rigultius
878 645 918 688 ex
933 622 1040 687 oodioe
1059 622 1193 707 antiquo
1214 622 1246 686 h.
1262 643 1290 688 e.
1305 621 1459 686 melico

410 709 540 774 ecoksioe
554 732 612 794 per
625 709 785 774 solennem
800 708 942 793 ellipsim.
989 709 1048 773 Ait
1062 731 1136 773 vero
1152 708 1311 772 Semlerus
1326 709 1358 772 in
1373 707 1458 772 notis

411 797 453 860 od
482 795 560 859 edit.
591 816 681 859 suam
712 794 895 872 Halensem,
922 795 954 858 in
984 795 1172 880 quibusdam
1201 794 1342 879 antiquis
1370 793 1458 857 libris

411 881 506 947 scribi
528 881 689 958 catholice,
706 903 774 944 esse
795 887 903 945 autem
947 881 1072 958 lessam,
1088 903 1159 965 quae
1181 880 1321 964 pertinet
1335 880 1376 944 ed
1396 879 1457 944 illi.

413 967 476 1032 Sed
498 973 638 1032 veterem
662 967 852 1051 scripturam
876 976 925 1031 eat
961 967 1016 1030 lice
1042 967 1222 1052 oppositam
1243 966 1285 1030 illi
1309 967 1389 1030 inter
1405 965 1457 1028 do

411 1053 551 1131 meslc'oos,
569 1053 694 1153 Lupum
713 1061 811 1138 atque
827 1051 1031 1116 Thomasium
1051 1061 1179 1117 secutus
1193 1051 1346 1117 revocavi.
1391 1051 1456 1116 Ore

412 1148 517 1204 terum
541 1140 670 1203 inferrus
689 1138 878 1224 perticulam
900 1149 928 1203 el
942 1147 1018 1203 ante
1032 1159 1124 1202 voces
1142 1139 1241 1203 diem
1258 1138 1373 1202 ulmus·
1391 1136 1456 1200 scd

411 1227 567 1303 samiera,
583 1232 707 1290 stante
723 1225 792 1290 illas
811 1224 910 1288 aliam
930 1247 1022 1309 spem,
1038 1225 1193 1310 expunxit
1208 1225 1375 1310 Rigaltius,
1391 1223 1457 1286 sine

413 1334 510 1376 eausa
524 1312 638 1376 idonea
652 1311 774 1396 opinor,
791 1333 892 1396 nequo
907 1310 940 1374 id
954 1310 1099 1376 imitatus
1114 1320 1163 1375 est
1179 1311 1377 1374 Thomasius.

457 1397 494 1462 P.
514 1418 584 1478 144.
610 1397 629 1460 l.
650 1419 679 1460 1.
706 1404 748 1475 et,
783 1397 860 1462 Tem
890 1395 958 1460 deae
987 1394 1167 1484 wehelo]
1201 1397 1260 1461 Ait
1289 1397 1456 1472 Scmlerus,

411 1482 435 1546 J
437 1483 545 1547 unium
560 1505 686 1547 censere
700 1482 868 1568 legendum
882 1483 975 1556 εἵσω,-
993 1483 1069 1546 illud
1085 1491 1206 1548 certum
1221 1505 1300 1562 esse,
1316 1493 1377 1546 mm
1394 1503 1458 1546 non

411 1577 522 1634 extare
537 1570 569 1632 in
587 1569 690 1633 Galat.
705 1591 734 1632 v.

457 1655 536 1719 Ibid.
553 1655 575 1718 l.
592 1676 622 1735 4.
638 1656 693 1741 qui
714 1676 763 1718 oce
783 1655 915 1742 meavit]
934 1653 1053 1729 Habet,
1069 1655 1126 1718 sed
1148 1654 1252 1719 nescio
1270 1676 1377 1738 quare,
1392 1674 1459 1718 auos

412 1763 476 1806 uon
490 1763 540 1806 coe
557 1741 589 1805 in
610 1749 747 1826 utraque
768 1763 826 1806 sua
847 1741 986 1805 editione
1001 1740 1169 1826 Rigaltius.
1215 1740 1295 1804 Cum
1312 1741 1403 1825 Lupo
1425 1745 1459 1804 et

413 1827 584 1891 Thomasio
598 1849 647 1890 ocs
660 1827 795 1891 restitui.

458 1913 538 1978 Ibid.
563 1914 584 1977 l.
608 1932 658 1993 24.
683 1913 795 1977 Nullus
818 1913 904 1978 inter
928 1913 1046 1976 multos
1072 1919 1203 1976 eventus
1228 1934 1329 1976 unus:
1354 1911 1459 1976 exitus

412 1998 551 2064 variasse
575 1999 730 2064 debuerat
755 1998 898 2063 ordinem
924 1998 1078 2062 doctrinm
1103 1997 1320 2084 ecclesiarum]
1346 1997 1400 2062 Ita
1424 2017 1460 2062 se

413 2085 534 2149 habent
548 2086 703 2150 editiones
717 2085 883 2170 principes,
897 2084 961 2150 sive
976 2084 1202 2149 Rhenanianee.
1226 2083 1279 2150 Sic
1290 2107 1364 2149 vero
1379 2084 1458 2149 edit.

414 2171 516 2236 Paris.
539 2171 651 2258 prima,
677 2171 793 2234 Nullus
821 2171 901 2235 ieter
928 2169 1035 2234 mullos
1064 2180 1183 2234 eventus
1214 2180 1264 2248 eet,
1295 2192 1374 2234 anas
1408 2179 1458 2234 est.

412 2257 525 2322 Eeitue
538 2258 673 2322 omissae
694 2255 836 2321 drumm
856 2257 992 2320 ordinem
1010 2261 1111 2340 (error
1124 2277 1190 2320 ver.
1205 2256 1277 2321 lect.
1293 2257 1336 2320 ad
1353 2257 1458 2338 oram)

412 2343 560 2407 domem
582 2343 784 2406 mmmmm.
830 2343 994 2406 Pnestant
1019 2341 1110 2406 editt.
1137 2341 1238 2406 Paris
1263 2343 1402 2408 mcunda
1425 2349 1460 2406 et

415 2427 552 2492 Franek.
599 2428 715 2491 Nullas
736 2428 816 2492 inter
833 2427 941 2492 maltos
959 2437 1077 2492 eveum
1094 2437 1136 2492 est
1150 2449 1228 2492 emm
1241 2429 1348 2492 coitus
1400 2428 1459 2492 Va·

413 2514 508 2578 riam
532 2512 676 2578 deterat
701 2535 786 2577 error
810 2513 956 2576 decime
981 2513 1183 2579 eocksinram.
1228 2514 1310 2578 Haec
1333 2514 1460 2599 quidem

413 2607 602 2664 revocarunt
632 2599 741 2684 Lupus
769 2606 804 2663 ot
829 2598 1026 2676 Thomasius,
1053 2599 1109 2663 sed
1138 2600 1262 2666 monuit
1291 2599 1459 2676 Scmlerus,

412 2685 548 2749 Junium
561 2707 625 2750 non
640 2684 722 2749 male
736 2685 886 2784 praeferre
899 2685 1067 2750 lectionem
1078 2684 1232 2762 Rhenaui,
1245 2709 1301 2750 seu
1311 2685 1460 2751 editionis

413 2771 573 2856 principis.
632 2771 790 2856 Rigaltrus
819 2793 893 2835 vero
929 2772 989 2836 hoc
1025 2772 1120 2835 modo
1150 2773 1246 2836 verba
1275 2772 1457 2836 ordinavit:

412 2858 530 2921 Nellos
554 2859 634 2922 inter
654 2857 760 2920 multoe
782 2866 901 2922 erentes
925 2877 1004 2921 uuae
1022 2867 1072 2922 eet.
1117 2858 1230 2922 Exitus
1253 2859 1389 2922 variasse
1409 2858 1459 2920 de

413 2941 518 3008 deerat
546 2966 633 3008 error
654 2942 804 3006 docerem
828 2943 1032 3008 coelectorum.
1078 2943 1223 3028 Legerim
1248 2965 1317 3029 ego,
1343 2943 1461 3008 Nollem

412 3030 493 3094 inter
507 3030 746 3094 meliorarentur
759 3049 837 3093 unus
851 3031 958 3094 witus.
1003 3029 1146 3094 vasam
1159 3029 1336 3094 debuerant
1350 3029 1460 3094 ordine

416 3116 462 3199 (h.
485 3138 514 3180 e.
535 3116 599 3180 alia
620 3137 660 3178 ex
682 3114 759 3198 alie)
782 3115 929 3180 docerem
950 3115 1153 3180 modestorum.
1199 3115 1282 3180 Olim
1302 3115 1397 3180 uadis
1417 3115 1460 3179 lc·

413 3202 552 3287 gendum
566 3201 670 3265 minus
681 3208 767 3266 recte
781 3201 941 3287 proposui.

459 3287 497 3351 P.
514 3308 583 3372 145·
599 3287 619 3350 l.
638 3306 666 3350 2.
681 3294 732 3351 tot
747 3287 891 3364 virtutes,
907 3293 958 3351 tot
972 3285 1177 3372 charismata]
1202 3285 1283 3352 Haeo
1304 3287 1346 3352 ab
1369 3286 1460 3350 initio

414 3374 570 3458 usquead
586 3372 750 3437 Valentini
767 3372 1002 3457 Marcionisque
1017 3381 1172 3457 tempora,
1188 3379 1221 3437 et
1237 3373 1291 3438 diu
1306 3373 1458 3459 postilla,

414 3459 446 3523 in
461 3458 593 3524 ecclesia
607 3457 816 3542 permansisse
830 3466 953 3522 veteres
967 3458 1180 3523 crediderumt.

458 3544 540 3609 Ibid.
555 3544 576 3609 l.
592 3564 640 3608 11.
657 3543 744 3629 prior
758 3543 791 3607 in
806 3544 964 3629 doctrina]
985 3542 1037 3607 Sic
1048 3544 1098 3607 vul
1155 3545 1313 3609 scribitur.
1358 3543 1460 3609 Omit-

413 3631 505 3696 tebet
519 3629 707 3715 particulam
723 3631 757 3694 ic
768 3629 942 3694 Wouwerii
957 3629 1066 3694 codex.
1138 3630 1229 3715 ponit
1242 3630 1266 3694 J
1267 3630 1360 3695 unius
1367 3631 1462 3716 precs·

414 3715 497 3779 illius
512 3721 639 3801 (nempe
654 3715 812 3796 veritatis)
834 3715 983 3792 doctam,
1006 3716 1209 3781 restitutione
1231 3723 1267 3782 ut
1289 3717 1345 3793 ait,
1361 3715 1461 3781 mani·

414 3802 497 3866 festa
511 3809 545 3866 et
560 3801 746 3866 necessaria.
793 3800 906 3865 Malim
921 3823 981 3887 ego
996 3801 1054 3866 illo
1068 3823 1127 3886 pro
1142 3804 1177 3866 is
1191 3803 1373 3868 rescribere.

458 3886 699 3966 Ibid.l.14.ad
720 3887 884 3951 eeclesiam
908 3909 999 3952 suam
1020 3888 1144 3972 scribit]
1170 3888 1355 3952 Eliminavit
1368 3910 1461 3952 vocu-

413 3972 477 4038 lam
500 3995 588 4037 avom
610 3973 786 4058 Rigaltius3
812 3995 907 4058 quam
929 3996 988 4059 ego
1010 3974 1137 4048 rectius,
1158 3975 1280 4059 opinor,
1306 3975 1459 4050 revocavi,

413 4080 485 4124 cum
496 4059 565 4160 jem
579 4067 655 4125 ante
669 4058 847 4144 scripsisset
861 4065 983 4136 auctor,
999 4059 1063 4142 ejus
1077 4061 1223 4124 doctrinm
1237 4060 1401 4124 rabsacen.

459 4145 635 4228 lb1d.l.19.
651 4145 808 4211 Antonini
822 4145 888 4210 lere
903 4145 1097 4231 principatu]
1115 4145 1271 4211 Videlicet
1286 4147 1460 4230 utriusque.

415 4228 497 4294 Nam
521 4231 712 4296 Valentinus
734 4239 878 4316 tempore
901 4231 1057 4296 Antonini
1081 4231 1131 4295 Pii
1151 4232 1264 4296 vixisse
1285 4232 1410 4318 legitur,
1427 4239 1461 4296 et

415 4317 518 4380 Oerdo
540 4317 693 4402 magister
709 4317 901 4390 Marcionis;
928 4317 1073 4382 Marcion
1089 4339 1163 4382 vero
1184 4318 1339 4382 Antonini
1361 4317 1462 4402 philo-

414 4401 515 4486 sophi,
532 4403 586 4486 qui
601 4403 752 4466 successit
769 4402 838 4466 Pio.
883 4403 1074 4469 Valentinus
1094 4404 1221 4487 quidem
1235 4416 1269 4468 et
1284 4403 1387 4468 Cerdo
1402 4403 1462 4468 sub
