3316 5198
426 461 470 528 72
792 462 824 524 S.
848 461 1118 525 HIPPOLYTI

425 627 564 728 ίμάτιον
585 627 627 709 τὸ
655 630 930 734 ε’ῤῥαντισμένον
954 631 1085 729 αἵματι,
1110 629 1177 730 τὴν
1199 629 1322 734 σάρκα
1348 631 1474 734 διηγή-

424 790 529 854 σατο,
559 758 602 837 δι’
631 757 675 858 ἧς
706 760 765 837 καὶ
795 755 864 838 ὑπὸ
898 756 1014 842 πάθος
1045 757 1157 859 ἦλθεν
1189 762 1210 838 ὁ
1244 757 1385 859 ἀπαθὴς
1413 769 1478 840 τοῦ

424 887 520 963 θεοῦ
548 883 679 986 Λόγος,
706 884 824 970 καθώς
852 887 1095 988 μαρτυροῦσίν
1126 920 1188 986 μοι
1216 891 1250 966 οἱ
1277 892 1474 992 προφῆται.

424 1010 530 1114 Λέγει
546 1011 619 1117 γάρ
637 1017 749 1097 οὕτως
771 1015 792 1093 ὁ
819 1013 990 1117 μακάριος
1010 1015 1184 1118 Μιχαίας·
1214 1011 1327 1098 Οῦιος
1342 1014 1477 1111 Ἰακὼβ

422 1140 632 1243 παρώργισε
651 1147 800 1241 Πνεῦμα
820 1141 966 1244 Κυρίου.
1015 1149 1128 1220 ταῦτα
1154 1141 1201 1220 τά
1217 1141 1502 1244 ε’πιπγδεόματαε

422 1267 541 1350 αὐτοῖς
565 1271 675 1348 ε’στιν.
720 1269 787 1373 οὑχ
815 1273 847 1347 oi
871 1267 977 1371 λόγοι
1001 1268 1110 1347 αὐτοῦ
1133 1271 1238 1348 καλοὶ
1262 1271 1337 1369 μετ’
1357 1271 1475 1351 αὐτῶν

422 1398 480 1476 καὶ
508 1397 607 1500 ὀρθοὶ
633 1397 853 1500 πορεύωνται
901 1400 959 1478 καὶ
977 1399 1077 1478 αὐτοὶ
1095 1398 1325 1498 ἀντέστησαν
1342 1405 1391 1483 είς
1409 1401 1468 1504 ε’χ·

422 1521 513 1626 θράν
530 1522 622 1602 κατά
648 1521 847 1627 πρόσωπον
869 1529 933 1625 τῆς
957 1523 1094 1628 εἰρήνης
1121 1527 1241 1624 αὐτοῦ,
1268 1525 1334 1626 τὴν
1362 1525 1473 1634 δόξαν

420 1649 597 1756 ἐξέδειραν
627 1655 748 1731 αὐτοῦ’
779 1652 965 1732 τουτέστιν
995 1650 1037 1732 τὸ
1062 1655 1173 1757 σαρκὶ
1193 1658 1322 1733 παθεῖν
1350 1652 1469 1734 αὐτόν.

419 1779 610 1864 Ὡσαύτως
643 1783 702 1860 καὶ
730 1782 750 1860 ὁ
779 1778 950 1884 μακάριος
983 1785 1132 1866 Παῦλος
1162 1778 1272 1882 λέγει·
1316 1779 1372 1862 Τὸ
1400 1782 1471 1888 γὰρ
1484 1821 1524 1861 ιο

420 1905 595 1987 ἀδύνατον
613 1915 677 1986 τοῦ
695 1905 816 2007 νόμον,
835 1909 874 1986 έν
897 1904 926 2016 ᾧ
944 1908 1098 2007 ἠσθένει,
1114 1909 1134 1987 ὁ
1153 1905 1248 1993 Θεὸς
1265 1906 1329 1988 τὸν
1346 1911 1472 1991 ἑαυτοῦ

420 2031 496 2113 υἱὸν
524 2034 674 2139 πέμψας
706 2036 744 2112 ε’ν
772 2034 967 2133 ὁμοιώματι
997 2032 1134 2138 σαρκὸς
1166 2037 1350 2138 ἁμαρτίας,
1378 2071 1468 2117 κατ-

417 2163 552 2265 έκρινεν
569 2159 635 2260 τὴν
652 2162 830 2264 ἁμαρτίαν
847 2167 893 2264 τῇ
911 2165 1031 2266 σαρκὶ,
1050 2163 1108 2242 ’ίνα
1134 2160 1176 2244 τὸ
1204 2165 1379 2262 δικαίωμα
1405 2175 1470 2245 τοῦ

418 2284 528 2386 νόμον
546 2292 736 2393 φανερωθῇ
761 2291 799 2367 έν
817 2289 900 2387 ἡμῖν
922 2296 995 2372 τοῖς
1022 2287 1190 2388 μὴκατὰ
1216 2288 1338 2394 σάρκα
1364 2327 1465 2396 περι·

415 2423 602 2513 πονοῦσα,
621 2413 722 2495 ἀλλά
740 2414 832 2495 κατὰ
849 2424 1000 2514 πνεῦμα.
1038 2422 1151 2496 Ποῖον
1168 2417 1231 2496 οὖν
1249 2414 1326 2497 υἱὸν
1342 2420 1468 2500 ἑαυτοῦ
1480 2453 1515 2512 ¹⁵

415 2547 436 2625 ὃ
474 2543 566 2630 Θεὸς
603 2541 662 2623 tui
699 2548 763 2644 τῆς
799 2542 935 2646 σαρκὸς
968 2543 1196 2650 κατέπεμψεν
1226 2547 1311 2624 ἀλλ’
1343 2543 1366 2644 ἢ
1402 2543 1467 2626 τόν

415 2669 547 2775 Λόγον,
573 2669 615 2752 όν
647 2670 722 2752 υἱὸν
748 2671 994 2775 προσηγόρευε
1027 2670 1086 2751 διά
1113 2670 1156 2752 τὸ
1185 2672 1333 2771 μέλλειν
1357 2670 1466 2753 αὐτὸν

414 2799 610 2901 γενέσθαις
635 2802 694 2878 καὶ
725 2797 768 2878 τὸ
797 2797 915 2878 κοινὸν
945 2798 1057 2898 ὄνομα
1081 2802 1144 2898 τῆς
1176 2804 1225 2883 είς
1256 2800 1464 2902 ἀνθρώπους

414 2926 678 3032 φιλοστοργίας
712 2927 786 3035 (for.
812 2930 858 3030 τῇ
883 2929 931 3008 είς
962 2924 1172 3028 ἀνθρώπους
1201 2928 1461 3034 φιλοστοργίᾳ)

413 3086 523 3147 Videte
534 3087 634 3165 igitur,
646 3087 761 3158 fratres,
771 3086 916 3165 quomodo
958 3087 1130 3166 impossibile
1158 3096 1220 3146 erat
1241 3088 1323 3167 legis,
1353 3087 1383 3146 ιἰι
1408 3109 1463 3168 quo

413 3168 500 3227 vertis
510 3169 651 3246 sanguine
661 3189 786 3247 aspersa,
796 3169 827 3225 in
838 3187 916 3246 sym.
958 3167 1162 3244 irfirmabatur
1168 3189 1223 3246 per
1232 3189 1366 3238 οανιιουις
1380 3168 1462 3227 Deus

413 3249 480 3307 bolo
507 3249 530 3306 si
573 3248 680 3308 ificavit
708 3268 833 3318 curnem,
859 3267 916 3325 qua
958 3247 1066 3306 Filium
1091 3269 1173 3306 ιυιιυι
1196 3249 1308 3307 mittens
1330 3248 1361 3306 ιἰι
1383 3248 1462 3307 rimi·

412 3328 503 3398 venit,
512 3269 740 3388 aiiubeundam
751 3329 914 3408 passionem
957 3327 1077 3387 titudine
1092 3328 1191 3388 carnis
1201 3329 1324 3407 peccati,
1341 3330 1460 3388 θοινασ-

412 3409 452 3468 im
491 3408 574 3468 tibile
595 3409 653 3468 Dei
673 3409 703 3468 V
704 3409 816 3475 erbum,
839 3407 915 3467 sicut
956 3409 995 3467 vit
1006 3417 1155 3487 peccatum
1170 3409 1199 3466 in
1214 3430 1311 3475 carne,
1328 3409 1459 3488 utjurti-

412 3489 451 3546 mi
475 3489 483 3546 i
503 3489 653 3568 prophetie
667 3499 822 3548 testantur.
865 3488 915 3546 Sic
943 3489 1052 3567 ficatio
1086 3489 1158 3568 legis
1199 3489 1393 3548 ostenderetur
1428 3489 1459 3549 ιἰι

411 3569 489 3627 enirn
498 3569 539 3628 ait
548 3571 651 3629 beatus
663 3569 819 3628 Micheas:
836 3569 913 3627 *Βο-
955 3570 1043 3636 nobis,
1066 3569 1116 3648 qui
1137 3591 1191 3628 αοιι
1216 3571 1369 3629 seeundum
1390 3591 1458 3628 car.

411 3669 474 3708 ινιιι
495 3649 587 3710 Jacob
616 3648 742 3708 irritavit
772 3649 913 3728 Spiritum
954 3671 1015 3709 nem
1030 3649 1216 3718 ανιόυίαιονι,
1232 3650 1283 3708 red
1302 3650 1456 3709 serrandum

412 3729 539 3797 Domini,
552 3731 610 3790 lure
618 3737 684 3788 runt
694 3751 787 3789 εονιιιιι
797 3729 911 3788 studia:
956 3730 1107 3810 Spiritum.
1150 3730 1276 3801 Qualem
1295 3729 1385 3808 igitur
1405 3729 1457 3788 Fi.

412 3829 465 3868 ποιι
480 3809 545 3870 boni
560 3831 701 3871 sermones
715 3812 788 3889 ejus,
801 3819 826 3869 et
839 3818 914 3869 recte
954 3810 1026 3870 lium
1048 3828 1133 3868 suum
1159 3811 1242 3870 Deus
1266 3830 1319 3890 per
1340 3831 1455 3869 earnem

410 3910 472 3947 cum
497 3891 569 3970 ipris
593 3891 749 3950 ambulent.
792 3892 831 3949 Et
854 3890 911 3969 ipsi
952 3891 1042 3957 misit,
1071 3891 1126 3949 nisi
1156 3890 1298 3958 Verbum,
1327 3890 1407 3968 quod
1439 3911 1457 3950 a

409 3970 618 4030 suscitaverunt
646 3970 823 4029 inimicitiam
846 3992 910 4029 con-
951 3970 1094 4050 principio
1115 3971 1226 4031 scilicet
1241 3970 1351 4029 Filium
1370 3991 1455 4030 voca-

409 4057 457 4107 ιτιι
477 4071 577 4128 pacem
605 4053 678 4130 ejus,
702 4051 823 4127 ylariani
847 4054 910 4130 ejus
950 4051 1003 4119 vit,
1012 4052 1081 4129 quia
1092 4052 1226 4111 futurum
1237 4062 1300 4110 emt
1309 4061 1343 4110 ut
1357 4062 1453 4110 ortum

409 4125 604 4190 de'traremnt.
648 4131 684 4190 id
705 4142 758 4198 est,
778 4132 911 4190 fecerunt
951 4137 1094 4211 caperet?
1127 4143 1157 4191 et
1183 4152 1249 4191 cum
1279 4130 1373 4190 Filius
1402 4151 1453 4189 vo·

408 4225 475 4265 eum
497 4211 559 4286 pati
579 4211 610 4268 in
630 4231 724 4271 earne.
768 4211 910 4271 Similiter
950 4222 1042 4279 eatur,
1058 4232 1211 4271 commune.
1224 4232 1331 4271 nomen
1347 4211 1454 4272 amoris

409 4286 510 4346 beatur
523 4288 633 4347 Paulus
647 4291 707 4348 ait:
723 4290 910 4357 ι’(ζὶιιοιίινιίνι
950 4312 1018 4371 erge
1051 4292 1184 4352 homines
1217 4293 1317 4352 sumit.
1387 4292 1453 4350 Nec

635 4429 649 4457 ⁸
662 4417 750 4468 ttich·
761 4420 787 4468 ii.
801 4433 822 4483 7.
1027 4421 1122 4472 bitom.
1135 4423 1185 4471 viii.
1198 4437 1220 4484 3.
