3314 5190
408 465 473 533 eoo
786 468 817 530 s.
842 463 1078 552 curarum

409 643 634 712 mittentem:
664 662 771 733 qnam
794 663 877 712 curn
902 639 1200 710 animadverteret
1223 635 1398 751 Dominus
1420 642 1462 705 et

410 757 556 840 videret,
580 757 719 827 nonde
744 759 956 850 patrimonio
980 755 1042 828 sed
1065 755 1111 826 de
1133 753 1253 824 animo
1278 775 1367 846 opus
1382 751 1461 844 ejus

410 873 627 955 examinans,
667 879 704 942 et
738 871 961 943 considerans
1000 894 1073 942 non
1109 878 1283 964 quantum
1316 868 1379 939 sed
1412 889 1461 938 ex

352 1002 368 1052 ·.
410 996 543 1081 quanto
560 987 724 1070 dedisset,
742 989 923 1082 respondit
938 997 976 1059 et
993 988 1105 1060 dixit:
1130 985 1245 1059 Amen
1263 985 1340 1056 dico
1356 981 1460 1066 tobia

411 1105 573 1200 quonium
591 1103 696 1176 viduo
718 1104 786 1176 ista
804 1103 888 1201 plus
911 1103 1066 1177 omuibus
1089 1104 1185 1176 misit
1207 1103 1246 1174 iu
1263 1101 1355 1173 douc
1376 1099 1487 1180 Deis

412 1219 538 1292 Omnes
567 1220 658 1290 euim
689 1220 749 1291 isti
777 1244 822 1291 ec
850 1243 889 1292 eo
922 1219 1015 1316 quod
1042 1216 1227 1290 abundauit
1256 1215 1327 1288 illis
1360 1205 1460 1286 mne-

409 1343 493 1406 uuut
516 1335 554 1405 iu
579 1333 671 1406 douo
694 1333 776 1406 Dei.
827 1334 918 1407 Haee
943 1345 1055 1406 nutem
1081 1335 1123 1408 de
1152 1334 1273 1429 iuopia
1296 1355 1360 1404 uto
1388 1355 1461 1403 om·

409 1474 486 1522 uem
504 1473 733 1545 quemcunque
748 1448 867 1522 tatuit
881 1452 1006 1523 uictum
1029 1451 1134 1522 misit.
1176 1439 1338 1522 Multum
1355 1451 1461 1520 beato

408 1563 537 1636 mulier
570 1575 608 1636 et
641 1565 802 1660 glorioso,
838 1589 918 1658 quae
952 1569 1062 1638 etiam
1095 1575 1180 1638 ente
1209 1567 1304 1637 diem
1332 1563 1460 1658 judicii

408 1683 540 1752 meruit
567 1681 705 1754 Judicis
732 1706 821 1754 voce
849 1682 994 1754 laudari.
1046 1682 1186 1754 Pudeat
1211 1683 1339 1753 divites
1359 1682 1510 1752 steri-10

409 1797 521 1870 litatis
550 1807 658 1890 atque
688 1797 906 1870 infelicitatis
936 1822 1018 1871 suae.
1070 1799 1192 1873 Vidua
1221 1807 1259 1870 et
1292 1799 1393 1892 inops
1422 1799 1458 1868 in

410 1937 516 2007 opere
539 1916 727 1986 invenitur.
779 1915 942 2008 Cumque
965 1918 1129 1988 universa
1145 1937 1222 2008 quoe
1245 1913 1375 1986 dantur
1395 1937 1460 2008 pu-

409 2031 503 2124 pillis
529 2040 567 2102 et
589 2032 705 2102 viduis
728 2032 962 2117 conferantur,
981 2034 1042 2104 dat
1065 2033 1128 2104 illa
1149 2019 1256 2125 quam
1274 2032 1459 2125 oportebat

410 2148 590 2240 accipere3
628 2157 671 2218 ut
701 2147 852 2219 sciamus
881 2172 962 2241 quae
991 2172 1097 2241 poena
1125 2146 1282 2218 sterilem
1312 2147 1458 2218 divitem

410 2271 564 2345 maneat,
590 2265 731 2355 quando
755 2264 823 2334 hoc
848 2265 924 2357 ipso
950 2265 1164 2336 documento
1190 2265 1325 2356 operari
1351 2265 1459 2334 etiam
1472 2279 1504 2339 ¹⁵

410 2398 582 2469 pauperes
600 2379 763 2450 debeant.
809 2378 932 2472 Atque
948 2388 990 2450 ut
1007 2379 1247 2474 intelligamus
1263 2379 1338 2451 baec
1355 2369 1461 2474 opera

411 2488 492 2559 Deo
522 2490 596 2561 dari
633 2501 670 2563 et
703 2515 787 2563 eum
823 2496 980 2587 quisquis
1012 2495 1092 2568 haec
1121 2495 1229 2567 faciat
1265 2494 1460 2566 Dominum

410 2607 612 2698 promereri,
643 2607 805 2679 Christus
835 2609 924 2680 illud
955 2610 1024 2682 Dei
1050 2611 1141 2684 douo
1170 2613 1336 2706 appellat,
1361 2621 1399 2684 et
1423 2613 1461 2682 in

412 2721 504 2791 dona
522 2721 591 2792 Dei
614 2725 757 2795 viduam
779 2727 867 2798 duos
888 2730 1100 2821 quadrantes
1120 2730 1257 2800 misisse
1278 2717 1459 2824 significat,

411 2844 453 2905 ut
475 2839 588 2932 magis
611 2863 653 2910 ac
675 2843 788 2936 magis
810 2847 921 2936 possit
944 2868 1020 2916 esse
1045 2845 1272 2916 manifestum
1296 2847 1379 2938 quia
1400 2848 1507 2939 qui²0

411 2953 599 3025 miseretur
614 2961 777 3051 pauperis
795 2959 915 3033 Deum
932 2962 1091 3032 foenerat.

463 3067 554 3142 XII.
579 3069 651 3143 Sed
681 3096 747 3146 nec
773 3074 836 3146 illa
860 3101 925 3160 res,
952 3077 1077 3148 fratres
1102 3080 1280 3162 carissimi,
1310 3103 1333 3150 a
1361 3079 1461 3150 bonis

413 3186 576 3280 operibus
602 3196 640 3259 et
656 3191 763 3283 justis
788 3193 962 3276 refraenet,
986 3204 1023 3265 et
1045 3204 1188 3266 revocet
1212 3195 1460 3278 Christianum,

413 3304 508 3393 quod
533 3307 694 3375 excusari
724 3328 762 3378 se
791 3331 895 3401 posse
923 3308 1050 3401 aliquis
1080 3313 1262 3382 existimet
1291 3312 1462 3383 beneficio

412 3416 576 3502 filiorum,
603 3421 744 3512 quando
773 3425 810 3493 in
841 3425 1008 3518 impensis
1038 3427 1253 3519 spiritalibus
1282 3427 1463 3500 Christum
1473 3441 1509 3502 ²5

413 3534 580 3627 cogitare,
595 3537 654 3628 qui
672 3539 831 3632 accipere
849 3563 887 3610 se
904 3541 1081 3634 professus
1098 3552 1162 3627 est,
1181 3529 1382 3629 debeamus,
1396 3567 1463 3617 nec

414 3671 600 3722 conservos
629 3650 748 3723 liberis
773 3657 901 3726 nostris
923 3659 984 3728 sed
1007 3657 1202 3730 Dominum
1229 3661 1463 3753 praeferamus,

279 3813 294 3847 ,
336 3815 360 3848 x.
414 3764 490 3856 ipso
508 3766 705 3837 instruente
726 3777 764 3839 et
785 3781 964 3843 monente.
1016 3772 1088 3862 Qui
1108 3773 1233 3873 diliqit,
1255 3779 1380 3870 inquit,
1396 3801 1465 3872 po-

414 3889 498 3952 trem
529 3891 589 3952 out
618 3891 760 3954 matrem
786 3909 889 3980 super
914 3911 976 3972 me,
1003 3913 1071 3961 uon
1101 3901 1149 3964 est
1174 3917 1227 3964 me
1252 3893 1399 3991 dipem:
1432 3903 1464 3966 u

414 3998 475 4092 qui
504 3996 620 4096 diliqit
638 3996 759 4093 fllium
789 4011 849 4073 out
867 4002 985 4098 fllium
1015 4030 1118 4101 super
1147 4033 1209 4092 me,
1237 4033 1307 4082 uon
1334 4017 1383 4082 est
1411 4031 1515 4091 meso

414 4112 548 4210 diquus.
600 4115 695 4185 Item
716 4117 754 4187 in
776 4115 1056 4192 Deuteronomio
1073 4125 1119 4194 ad
1143 4127 1465 4198 corroborationem

250 4261 325 4310 Dm,
415 4227 497 4298 fidei
516 4236 553 4298 et
576 4229 803 4303 dilectionem
831 4233 900 4304 Dei
918 4239 1015 4328 paria
1036 4243 1235 4334 conscripta
1257 4252 1359 4314 sunt:
1394 4242 1468 4332 Qui

249 4329 334 4380 xxxiii.

416 4341 545 4428 dicunt,
571 4347 696 4437 inquit,
708 4350 809 4441 patui
834 4359 894 4420 out
919 4353 1034 4434 motui,
1062 4377 1130 4426 uou
1156 4358 1237 4429 uoci
1261 4367 1302 4442 te,
1320 4367 1352 4430 et
1365 4345 1466 4452 filios
