3326 5200
408 483 472 550 164
720 482 968 546 ADVERSUS
991 479 1152 546 OMNES

245 679 283 726 ro.
296 677 377 738 tren.
409 661 570 730 imitatur
596 654 688 751 (sor.
712 657 869 750 intimat)
894 659 1066 750 serpentis
1085 657 1195 750 ipsius
1220 673 1354 724 sacram
1375 661 1456 746 pot-

409 784 570 857 estatem,
589 774 757 845 dicendo:
783 772 833 845 m
856 773 946 844 sicut
963 769 1106 869 Moyses
1131 768 1295 843 eroltouit
1318 792 1455 863 serpere-

410 899 476 962 tom
501 891 540 960 io
565 890 706 974 derata,
728 890 777 962 ito
802 888 950 962 ocultam¹
973 897 1103 985 oportet
1119 884 1255 959 Filium
1281 882 1452 956 domicia:

410 1010 525 1100 ipsum
552 1009 783 1078 introducunt
804 1006 849 1076 ad
875 1006 1116 1077 benedicenda
1145 1001 1357 1073 eucharistia
1380 1022 1453 1071 sua.

410 1122 484 1194 Sed
514 1130 591 1193 tota
620 1124 721 1194 istius
755 1123 880 1193 erroris
914 1130 952 1193 et
983 1143 1088 1192 scena
1117 1128 1155 1190 et
1181 1118 1342 1188 doctrina
1370 1115 1480 1199 indes

396 1239 535 1323 *fluxit3
565 1239 688 1309 dicunt
714 1241 810 1309 enim
839 1239 885 1309 de
913 1238 977 1308 illo
1002 1259 1141 1308 summo
1164 1235 1330 1328 primario
1357 1255 1454 1304 aeone

409 1353 607 1448 complures
625 1354 718 1426 alios
742 1377 861 1427 aeones
882 1356 1043 1426 extitisse
1063 1353 1265 1434 inferiores3
1291 1348 1454 1420 omnibus

409 1477 531 1540 tamen
547 1472 623 1542 istis
641 1495 779 1544 aeonem
802 1473 980 1553 antistare,
999 1471 1099 1563 cnjus
1124 1469 1171 1539 sit
1187 1488 1318 1538 nomen
1335 1464 1455 1536 Jalda-

409 1586 538 1657 baoth:
564 1588 659 1659 huno
676 1597 797 1659 autem
814 1595 1028 1680 conceptum
1054 1609 1130 1657 csse
1155 1607 1202 1656 ex
1224 1583 1337 1654 altero
1354 1603 1454 1654 aeone

409 1702 564 1774 aeonibus
581 1703 803 1775 inferioribus
819 1705 1018 1796 permixt03
1044 1724 1151 1795 seque
1168 1708 1292 1794 postea
1313 1721 1395 1770 cum
1418 1699 1454 1767 in
1468 1723 1503 1762 ro

409 1820 588 1912 superiora
604 1819 771 1892 voluisset
787 1821 886 1902 eniti,
903 1821 1077 1914 gravitate
1102 1818 1259 1889 materiae
1279 1815 1456 1909 permixta

409 1932 502 2029 (for.
519 1937 718 2029 permixtae)
737 1936 813 2020 sibi,
830 1959 902 2006 non
927 1935 1085 2029 potuisse
1108 1935 1152 2004 ad
1179 1933 1358 2025 superiora
1378 1954 1456 2023 per-

409 2053 539 2134 venire,
564 2053 601 2122 in
626 2054 821 2124 medietate
841 2049 935 2148 (for.
959 2050 1152 2121 medietate
1175 2050 1274 2141 vero)
1291 2047 1456 2118 relictum

408 2170 610 2240 extendisse
627 2177 756 2252 totum,
772 2167 929 2241 effecisse
946 2166 1038 2264 (for.
1053 2165 1255 2238 extendisse
1272 2187 1310 2235 se
1327 2171 1454 2247 totum,

409 2291 446 2353 et
464 2283 597 2367 fecisse,
614 2282 764 2356 latinus
781 2282 961 2378 latinius)
979 2286 1028 2355 sio
1049 2282 1189 2354 coelum.
1240 2279 1454 2352 Jaldabaoth
1470 2304 1501 2360 ¹5

408 2408 529 2470 tamen
572 2401 717 2472 inferius
759 2401 991 2482 descendisse,
1026 2409 1064 2470 et
1097 2399 1221 2470 fecisse
1260 2397 1326 2468 sibi
1365 2397 1455 2468 filios

409 2523 567 2607 septem
592 2541 698 2609 quem
716 2515 810 2612 (sor.
827 2518 941 2609 queis)
961 2516 1147 2587 occlusisse
1173 2515 1352 2608 superiora
1369 2512 1456 2584 dils-

410 2633 564 2716 tatione3
589 2641 631 2703 ut
654 2634 737 2725 qnia
759 2632 886 2726 angeli,
904 2655 984 2724 quae
1010 2632 1197 2724 superiora·
1213 2639 1340 2714 essent,
1365 2631 1455 2701 scire

408 2771 480 2818 non
496 2756 649 2841 possent,
667 2750 783 2842 ipsum
800 2749 915 2822 solum
934 2747 1053 2818 Deum
1071 2755 1246 2840 putarent.
1291 2745 1455 2818 Virtutes

409 2867 518 2958 igitur
533 2865 612 2937 illas
629 2874 667 2936 et
684 2865 827 2959 angelos
845 2865 1025 2935 inferiores
1042 2864 1223 2934 hominem
1240 2863 1386 2946 fecisse;
1417 2871 1455 2932 et
1467 2887 1504 2926 20

410 2981 492 3073 quia
508 2982 554 3051 ab
570 2980 819 3051 infirmioribus
841 2989 879 3051 et
895 2979 1132 3050 mediocribus
1150 2979 1340 3049 virtutibus
1356 2978 1456 3048 insti·

404 3105 509 3167 tutus
527 3106 630 3180 essct,
648 3098 747 3190 quasi
765 3120 921 3168 vermem
933 3099 1086 3190 Jacnisse
1104 3103 1315 3189 reptantem.
1346 3094 1455 3166 Illum

411 3237 493 3284 voro
511 3237 658 3298 aeonem,
677 3238 723 3286 ex
747 3239 817 3308 quo
834 3213 1049 3286 Jaldabaoth
1071 3213 1306 3306 processisset,
1324 3210 1457 3281 invidia

410 3339 640 3415 commotum,
682 3331 872 3402 scintillam
916 3331 1105 3424 quamdam
1143 3329 1279 3422 jacenti
1320 3327 1454 3397 homini

409 3448 604 3530 immisisse,
621 3471 692 3539 qua
717 3449 894 3518 excitatus
918 3471 982 3541 per
1004 3447 1228 3538 prudentiam
1251 3450 1400 3536 saperet,
1418 3450 1502 3536 etas

408 3562 607 3657 intelligere
623 3571 743 3656 posset
761 3565 949 3658 superiora.
1002 3561 1061 3634 Sic
1085 3585 1222 3634 rursum
1240 3560 1455 3632 Jaldabaoth

409 3681 517 3749 istum
550 3681 587 3749 in
627 3681 907 3775 indignationem
942 3701 1150 3749 conversum
1184 3702 1230 3749 ex
1264 3677 1455 3768 semetipso

409 3795 560 3866 edidisse
578 3797 746 3866 virtutem
771 3804 810 3866 et
828 3794 921 3892 (for.
939 3793 1000 3888 ad)
1021 3792 1289 3864 similitudinem
1314 3813 1456 3884 serpen-

411 3912 474 3981 tis:
492 3921 530 3982 et
547 3911 638 3981 hanc
655 3911 762 3982 fuisse
780 3913 951 3982 virtutem
968 3911 1005 3980 in
1021 3910 1191 4004 paradiso,
1209 3911 1247 3980 id
1264 3915 1328 3990 est,
1347 3909 1454 3979 istnm

409 4030 516 4100 firisse
533 4037 744 4122 serpentem,
757 4029 815 4098 eui
834 4027 911 4099 Eva
935 4029 1035 4120 quasi
1052 4027 1143 4098 Filio
1162 4027 1231 4098 Dei
1248 4025 1505 4112 crediderat..30

411 4144 608 4238 Decerpsit,
642 4147 817 4238 inquiunt,
847 4147 891 4216 de
926 4145 1043 4217 fructu
1070 4145 1212 4228 arboris,
1243 4151 1350 4235 atque
1374 4143 1455 4213 ideo

409 4264 530 4354 generi
546 4261 701 4333 humano
725 4264 907 4334 scientiam
931 4265 1105 4335 bonorum
1127 4272 1165 4333 et
1183 4261 1356 4332 malorum
1374 4283 1457 4330 con-

410 4378 544 4450 tribuit.
597 4379 777 4450 Christum
803 4388 924 4450 antem
954 4403 1025 4451 non
1056 4380 1092 4450 in
1121 4378 1318 4451 substantio
1343 4377 1457 4448 carnis
