3316 5198
519 725 568 816 Q.
598 719 907 806 SEPTIMII
942 712 1319 799 FLORENTIS

655 952 1184 1054 TERTULLIANI

629 1200 702 1271 DE
736 1195 1208 1270 PRAESCRIPTIONE

671 1418 1001 1479 HAERETICORUM
1023 1417 1166 1476 LIBER.

805 1629 1029 1660 ...ψ-...-

256 1825 332 1877 cur.
346 1826 366 1875 ι.
399 1798 688 1954 CONDITIO
715 1800 945 1894 praesentium
977 1807 1190 1892 temporum,
1221 1800 1329 1871 etiam
1355 1799 1445 1872 bono
1457 1825 1474 1884 5

493 1919 772 1990 admonitionem
797 1923 965 2009 provocat
990 1924 1156 1998 nostrum,
1183 1938 1255 1986 non
1285 1926 1446 2010 oportere

236 2047 310 2097 uso„
321 2047 463 2126 ”jv-nos
479 2037 598 2110 mirari
615 2057 721 2127 super
734 2033 887 2102 haereses
903 2033 989 2102 istas
1006 2033 1079 2102 sive
1096 2034 1180 2123 quio
1196 2042 1299 2117 sunt3
1316 2034 1447 2106 iuturae

238 2114 319 2162 ’ω’
331 2127 365 2160 '¹'
399 2158 495 2228 enim
513 2151 865 2246 praenunoinbontur:
894 2149 968 2219 sive
985 2148 1068 2238 quia
1090 2148 1197 2219 fidem
1215 2151 1447 2241 quorumdam

400 2272 633 2351 subvertunt;
669 2267 714 2336 ed
744 2265 813 2334 hoe
842 2264 938 2335 enim
966 2272 1058 2345 sunt,
1087 2272 1129 2333 ut
1158 2265 1255 2348 fides,
1284 2266 1448 2338 habendo

400 2387 649 2465 tentationem,
683 2381 832 2451 heberet
865 2381 973 2449 etiam
1019 2380 1274 2472 probationem.
1344 2382 1449 2454 Vane
1464 2413 1497 2452 ιο

400 2526 486 2597 ergo
517 2510 555 2571 et
581 2496 841 2568 inconsiderate
874 2494 1033 2588 plerique
1068 2496 1135 2568 hoo
1169 2499 1245 2591 ipso
1280 2499 1450 2571 scandali·

401 2626 537 2700 nentur,
555 2614 649 2708 quod
675 2621 817 2682 tantum
841 2612 994 2682 haereses
1012 2610 1163 2695 valeant,
1181 2623 1353 2704 quantum
1380 2617 1450 2685 sint

402 2731 496 2829 (sor.
514 2732 675 2826 possint).
710 2729 803 2799 Cum
821 2728 905 2820 quid
923 2729 1087 2798 sortitum
1106 2739 1169 2811 est,
1187 2738 1229 2799 ut
1247 2732 1450 2802 omnimodo

402 2851 459 2932 sit,
477 2850 570 2920 sieut
587 2869 728 2917 oensem
746 2846 875 2938 aooipit
892 2844 937 2914 ob
961 2866 1067 2935 quum
1091 2845 1146 2927 sit,
1165 2848 1215 2915 sio
1232 2848 1304 2916 vim
1330 2871 1452 2918 conse-

402 2966 533 3058 quitur,
551 2987 615 3057 per
631 2985 738 3054 quem
756 2962 811 3044 sit,
828 2984 874 3030 ne
893 2958 972 3048 (ulii
997 2961 1078 3054 neo)
1097 2984 1173 3032 esse
1191 2961 1283 3057 (for.
1301 2988 1367 3035 nee
1385 2975 1449 3048 est,
1466 2997 1499 3056 ¹5

403 3083 447 3176 si)
465 3103 537 3152 non
554 3079 674 3173 possit.

256 3213 333 3264 cnr.
347 3213 383 3262 11.
455 3195 607 3268 Febrem
633 3195 785 3286 denique
810 3194 904 3264 inter
933 3202 1070 3265 ceteros
1095 3195 1295 3267 mortiferos
1320 3205 1358 3267 et
1374 3222 1452 3268 oru-

404 3312 528 3384 eierioe
562 3312 680 3383 exitus
710 3310 887 3404 erogando
920 3309 1055 3380 homini
1090 3311 1307 3405 deputatum,
1337 3336 1452 3404 neque

404 3430 487 3520 quio
520 3439 574 3500 est
607 3429 786 3509 miremur,
821 3433 876 3495 est
909 3425 1026 3510 enim;
1064 3449 1180 3519 neque
1214 3429 1297 3520 quio
1330 3439 1453 3522 eroget

404 3544 595 3627 hominem,
623 3544 668 3613 ed
697 3543 766 3614 hoc
800 3541 897 3611 enim
930 3549 1006 3612 est:
1047 3541 1201 3612 Proinde
1227 3543 1380 3616 haereses
1407 3546 1501 3622 adzo

405 3659 612 3754 languorem
646 3667 684 3728 et
713 3658 898 3728 interitum
932 3655 1015 3726 fidei
1049 3658 1247 3750 productos,
1283 3661 1312 3730 si
1346 3684 1454 3754 expa-

405 3776 579 3846 vescimus
601 3774 670 3844 hoo
700 3795 760 3843 ens
782 3795 894 3865 posse,
912 3774 1009 3866 prius
1035 3783 1090 3844 est
1112 3782 1153 3844 ut
1178 3798 1454 3869 expavescamus

405 3892 475 3963 hoe
491 3915 550 3963 ees
567 3913 667 3974 esse;
693 3912 774 3981 quae
792 3890 877 3959 dum
902 3897 996 3972 sunt,
1013 3889 1148 3960 hebent
1164 3912 1287 3983 posse3
1313 3900 1350 3961 et
1368 3891 1454 3961 dum

407 4016 563 4101 possunt,
580 4007 714 4078 hubent
740 4028 826 4077 esse.
879 4004 951 4076 Sed
977 4009 1072 4076 enim
1099 4006 1245 4090 febrem,
1262 4015 1305 4076 ut
1320 4007 1455 4078 molum

408 4133 447 4194 et
463 4124 508 4195 de
533 4132 703 4207 musnet
724 4124 769 4193 de
795 4123 956 4216 potentia
981 4145 1053 4206 sua,
1071 4134 1113 4194 ut
1138 4133 1263 4194 notum
1290 4131 1355 4206 est,
1372 4123 1502 4216 abo-25

408 4240 584 4310 minamur
617 4241 734 4332 potius
768 4263 874 4331 quem
908 4241 1105 4324 miramur;
1142 4250 1180 4311 et
1212 4247 1385 4332 quantum
1419 4240 1456 4309 in

408 4354 510 4424 nobis
543 4364 607 4438 est,
642 4378 892 4448 praecavemus,
924 4380 996 4428 non
1025 4357 1197 4428 habentes
1226 4356 1455 4428 abolitionem
