3326 5200
375 494 439 560 174
663 488 1052 566 ANNOTATIONES,
1078 489 1132 551 uc.

421 663 502 726 an
518 661 735 735 Muratorius3
760 661 810 724 cui
847 659 952 724 uidem
967 658 1033 722 viro
1050 657 1263 723 eruditissimo
1278 657 1422 734 debetur,

378 749 426 812 uti
440 749 450 811 i
475 770 509 812 se
524 745 680 830 exposuit,
697 746 817 832 insigne
825 683 926 830 lujus
948 743 1042 808 libelli
1057 744 1322 820 additamentum,
1339 744 1424 828 quod

377 834 406 898 ei
460 833 568 918 junxit
582 833 615 896 in
630 832 794 896 Accedere
811 832 885 908 suis,
903 843 973 931 quae
990 830 1164 894 Mediolani
1183 829 1274 893 annis
1293 835 1372 912 1697
1391 837 1424 893 91

382 921 463 1004 1698
492 918 679 1004 prodierunt
707 939 747 981 ex
777 918 998 982 Ambrosranae
1033 915 1234 979 bibliotheca
1263 915 1425 980 codicibus

377 1006 556 1090 desumpta.
581 1003 619 1066 In
628 1003 799 1068 Parisienei
814 1010 922 1067 autem
937 1023 1067 1087 opernm
1077 1001 1263 1064 Tertulliani
1275 1002 1422 1076 editione,

378 1114 399 1156 a
430 1089 609 1154 Muratorio
639 1111 736 1174 supra
765 1096 1021 1160 commemorata,
1052 1109 1164 1151 novem
1197 1093 1357 1152 tractatus
1385 1086 1424 1151 iis

378 1177 480 1241 additi
517 1182 592 1240 sunt
626 1174 793 1259 opusculis,
828 1196 897 1258 quae
935 1173 1055 1237 Beatus
1092 1173 1274 1250 Rhenanus,
1305 1173 1424 1258 primus

379 1262 565 1328 Tertulliani
588 1261 701 1338 editor,
726 1260 858 1324 Basileae
884 1282 968 1323 anno
994 1279 1071 1344 1521
1097 1260 1182 1344 typis
1204 1260 1423 1324 mandaverat.

380 1348 474 1413 Unus
489 1371 529 1413 ex
543 1346 661 1412 additis
676 1346 868 1411 tractatibus
888 1346 967 1409 liber
981 1346 1042 1410 iste
1056 1345 1093 1409 dc
1111 1346 1254 1409 Orotmue
1269 1345 1338 1410 fuit.
1387 1345 1424 1407 ln

379 1435 500 1501 Gelenii
515 1456 590 1498 vero
609 1432 746 1497 editione
762 1431 973 1495 Parisienscm
993 1432 1078 1495 illam
1100 1432 1244 1514 proxime
1263 1438 1423 1516 sequente,

379 1543 512 1606 quaeque
526 1541 609 1583 anno
628 1537 710 1604 1550
725 1517 858 1582 Basileae
874 1539 989 1582 excusa
1004 1528 1062 1594 est,
1079 1517 1226 1603 producti
1241 1524 1316 1580 sunt
1330 1517 1426 1581 iidem

379 1613 548 1682 tractatus,
564 1605 620 1668 sed
642 1625 710 1668 sum
735 1603 759 1668 ti
783 1625 822 1668 cx
842 1603 949 1668 codice
969 1604 1106 1688 quodam
1121 1603 1316 1681 Britannico,
1333 1625 1425 1687 quem

379 1692 403 1755 J
405 1713 522 1756 oannes
534 1689 692 1754 Lalandos
707 1627 837 1754 illustris
851 1690 1049 1774 antiquarius
1063 1712 1135 1753 cum
1147 1689 1277 1754 Gelenio
1288 1711 1426 1754 commu-

379 1778 551 1842 nicaverat.
609 1774 647 1838 ln
672 1774 732 1839 boc
757 1776 864 1840 codice
891 1776 1009 1862 reperti
1035 1783 1111 1840 sunt
1136 1781 1203 1840 tres
1231 1798 1356 1862 quoque
1386 1797 1426 1840 ex

380 1863 492 1928 libellis
513 1884 534 1926 a
553 1861 655 1925 Beato
678 1860 832 1925 Rhenano
854 1861 941 1946 prius
963 1861 1077 1936 editis;
1102 1867 1135 1924 et
1155 1883 1236 1924 unus
1255 1861 1425 1926 eorundem

379 1950 441 2014 fuit
456 1949 538 2013 alter
551 1948 685 2025 illorum,
703 1968 782 2046 quos
804 1948 873 2022 edo,
889 1947 1120 2031 opusculorum,
1137 1947 1174 2010 dc
1189 1947 1427 2032 Proeemptionc

380 2035 600 2098 Hoerctc'corom
624 2034 802 2117 inscnptus.
849 2031 1015 2096 Editiones
1036 2039 1144 2096 autem
1166 2033 1324 2116 primariae
1348 2033 1424 2096 Ter-

381 2120 513 2195 tulliani,
530 2141 663 2202 quarum
679 2141 739 2203 ope
754 2141 813 2203 ego
828 2118 861 2181 in
876 2118 1006 2182 edendis
1020 2118 1069 2181 his
1085 2118 1242 2202 opusculis
1257 2141 1332 2198 usus
1347 2141 1425 2194 sum,

382 2205 596 2270 Rhenanianoe
623 2205 767 2289 princeps
793 2214 826 2268 et
848 2204 946 2268 tertia
971 2205 1108 2280 fuerunt,
1131 2226 1202 2268 cum
1225 2204 1294 2268 illas
1316 2212 1428 2270 mutuo

381 2290 571 2374 accepissem
593 2313 614 2352 n
635 2291 764 2354 custode
787 2290 941 2374 sociisque
957 2290 1038 2352 Novi
1061 2290 1182 2375 collegii
1205 2291 1378 2376 splendidoe
1394 2298 1429 2355 91

380 2377 521 2460 antiquae
551 2376 672 2439 domus.
726 2375 836 2441 Editio
866 2375 1075 2440 Rhenaniana
1103 2384 1220 2460 quarta
1248 2387 1282 2440 91
1306 2378 1426 2454 ultima,

383 2481 453 2546 quae
485 2461 603 2548 prodiit
631 2461 742 2524 itidem
773 2461 905 2526 Basileae
932 2484 1015 2526 anno
1043 2481 1122 2546 ¹539
1149 2463 1181 2525 in
1211 2463 1332 2548 peculio
1358 2485 1429 2528 meo

382 2554 536 2612 censetur.
582 2547 733 2630 Sequitur
757 2547 945 2612 Parisiensis
970 2548 1108 2612 secunda
1129 2552 1319 2633 9111101566
1344 2550 1430 2634 typis

383 2633 1081 2784 elucente
1094 2634 1429 2785 11919

383 2806 442 2870 vol.
460 2805 485 2868 l.
509 2827 539 2890 p.
564 2823 614 2868 22.
637 2813 788 2870 accurata
811 2804 992 2870 Gelenianae
1015 2807 1165 2890 repetitio
1191 2814 1249 2872 est.
1295 2807 1431 2872 Accedit

385 2891 631 2966 Franckeriaue,
641 2891 730 2973 cujus
744 2897 854 2954 textus
868 2913 940 2954 cum
955 2892 1132 2976 descriptus
1143 2901 1227 2957 esset
1238 2915 1277 2958 ex
1292 2892 1430 2956 editione

385 2977 499 3042 celebri
520 2976 636 3040 Jacobi
660 2976 793 3040 Pamelii
818 2999 902 3041 anno
921 2995 1002 3061 1579
1026 3000 1151 3054 excusa,
1168 2980 1252 3042 notis
1269 2977 1429 3042 Francisoi

384 3062 475 3126 Junii
500 3062 660 3126 illustrata
686 3061 878 3127 Franelrerae
902 3085 985 3126 anno
1018 3078 1094 3148 1597
1122 3065 1250 3148 prodiit.
1297 3064 1430 3128 Pamelii

384 3155 480 3225 notoe,
497 3170 567 3232 quae
590 3149 633 3211 ibi
654 3148 856 3226 omittuntur,
875 3149 1005 3213 Parisiis
1027 3171 1079 3213 an.
1098 3153 1157 3233 165
1200 3171 1319 3214 recusae
1344 3156 1428 3214 sunt.

386 3235 441 3299 Ad
452 3255 579 3298 manum
594 3256 689 3319 porro
704 3235 781 3298 mihi
796 3235 924 3299 fuerunt
938 3235 1008 3299 uliae
1023 3235 1094 3299 duae
1109 3257 1130 3299 a
1177 3235 1276 3300 icoleo
1291 3235 1432 3322 Rigaltio

387 3320 413 3382 l.
430 3320 464 3384 O.
481 3320 646 3384 ador-natm
661 3321 825 3394 editiones,
841 3329 909 3386 tum
932 3320 986 3383 illa
1007 3343 1118 3385 novem
1139 3321 1291 3385 librorum
1306 3321 1431 3386 Tertul-

385 3404 461 3469 liani
472 3404 602 3468 Parisiis
617 3405 719 3468 forma
733 3405 845 3468 minori
860 3427 944 3469 anno
955 3405 1003 3470 vel
1018 3409 1097 3470 1618
1109 3408 1157 3470 vel
1171 3409 1251 3490 1629
1267 3408 1429 3492 impressa,

386 3497 456 3554 tum
478 3490 605 3576 egregia
626 3491 766 3553 omnium
788 3512 919 3575 operum
934 3491 1121 3556 Tertulliani
1137 3493 1244 3570 editio,
1262 3515 1332 3577 quae
1346 3514 1431 3556 anno

389 3580 474 3662 1634
495 3598 566 3640 cum
588 3576 664 3640 orbe
688 3575 832 3642 litterato
854 3577 895 3640 ab
916 3578 1027 3641 eodem
1042 3577 1182 3663 Rigaltio
1200 3579 1433 3642 communicata

386 3669 447 3726 911.
494 3661 588 3725 Hono
603 3668 711 3725 autem
726 3661 944 3746 Rigaltianam
959 3670 1056 3747 atque
1070 3665 1150 3727 duas
1165 3665 1234 3729 illas
1245 3665 1314 3748 jam
1329 3664 1433 3729 dictas

387 3747 552 3825 editiones,
583 3746 715 3810 Parisiis
743 3767 829 3810 anno
858 3750 939 3830 1566
963 3755 996 3811 91
1022 3749 1213 3815 Franelrerrn
1238 3771 1321 3814 anno
1350 3767 1429 3834 1597

387 3833 473 3919 typis
501 3834 680 3918 impressas,
710 3831 807 3895 Joan.
835 3833 900 3896 Sal.
927 3833 1086 3898 Semlerus
1120 3835 1205 3900 baud
1234 3835 1282 3900 ita
1310 3835 1432 3921 pridem

387 3942 484 3984 causa
513 3918 701 4003 indagandae
730 3917 874 3982 lectionis
903 3918 1105 3984 Tertullianae
1138 3922 1172 3984 in
1199 3922 1338 3986 editione
1375 3943 1433 3986 sua

388 4005 522 4071 Hulensi
548 4025 618 4068 cum
640 4002 782 4089 principe
804 4004 1021 4082 Rhenaniana,
1044 4006 1134 4089 cujus
1159 4014 1268 4072 textus
1293 4008 1433 4072 191991-

386 4113 514 4240 pressus
543 4097 593 4155 est
616 4089 649 4154 in
672 4090 732 4155 hac
758 4089 902 4168 Halensi,
929 4091 1134 4156 conferendas
1160 4094 1309 4194 suscepit.
1353 4093 1433 4157 (lum

417 4177 573 4242 ameliana
597 4198 672 4240 vero
697 4177 836 4242 editione
861 4177 894 4240 id
918 4177 993 4242 lecit
1016 4178 1174 4243 Semlerns
1198 4178 1230 4242 in
1252 4179 1290 4244 ris
1310 4179 1432 4255 libellis,

409 4283 468 4326 uos
496 4262 641 4340 ineditoa
672 4269 709 4327 ut
738 4262 815 4340 dixi,
845 4263 973 4348 reliquit
999 4263 1190 4337 Rhenanam
1224 4266 1365 4350 exceptis
1390 4263 1436 4328 ud

424 4346 640 4414 0119191111τί1
662 4348 785 4413 duobus
807 4356 881 4433 post
895 4355 1042 4448 tempora
1058 4349 1190 4414 Pamelii
1206 4373 1227 4414 a
1240 4351 1311 4414 Jac.
1327 4350 1433 4415 (lodo-

387 4433 477 4499 fredo
490 4433 628 4520 primurn
643 4432 745 4497 editis.
781 4433 907 4498 Prodiit
921 4435 1019 4498 editio
1036 4434 1185 4500 Heleneis
1199 4437 1289 4500 annis
1310 4453 1434 4519 1770-
