3314 5190
409 493 473 556 DE
496 493 752 557 IDOLORUM
780 492 1041 562 VANITATE.
1187 495 1251 561 275

200 664 466 758 disciplinaeque
495 667 628 738 arbiter
657 677 695 738 et
724 669 892 762 magister
919 666 1045 738 Sermo
1075 676 1113 737 et
1139 666 1250 737 Filius

200 781 271 854 Dei
292 783 459 864 mittitur,
482 783 542 875 qui
563 805 628 875 per
649 783 839 876 prophetas
861 805 984 854 omnes
1005 791 1099 853 retro
1121 781 1250 853 illumi-

199 905 304 970 nator
319 905 358 968 et
370 898 544 969 deductor
559 898 706 970 humani
718 901 857 993 generis
874 899 1142 992 praedicabatur.
1179 897 1251 968 Hic

199 1024 255 1085 est
272 1015 384 1084 virtus
406 1012 486 1096 Dei,
503 1013 562 1084 hio
584 1015 684 1098 ratio,
701 1014 759 1086 hic
778 1015 951 1108 sapientia
972 1015 1048 1107 ejus
1070 1021 1108 1085 et
1129 1013 1250 1109 gloria.

172 1127 273 1210 sHic
290 1131 328 1200 in
351 1129 523 1222 virginem
546 1129 733 1214 delabitur,
754 1153 897 1202 carnem
922 1129 1075 1224 Spiritus
1098 1129 1251 1202 Sanctus

199 1246 369 1328 induitur,
400 1243 500 1316 Deus
529 1271 612 1318 cum
642 1247 787 1318 homine
816 1249 996 1318 miscetur.
1048 1243 1120 1317 Hic
1151 1245 1251 1317 Deus

199 1369 329 1445 noster,
355 1361 413 1432 hic
439 1361 602 1434 Christus
626 1373 691 1446 est,
718 1365 778 1455 qui
800 1364 976 1435 mediator
1001 1364 1162 1444 duorum,
1188 1361 1251 1432 ho-

199 1480 333 1550 minem
358 1479 485 1561 induit,
510 1501 618 1572 quem
647 1482 818 1573 perducat
847 1481 893 1551 ad
924 1480 1079 1550 Patrem.
1142 1479 1249 1562 Quod

199 1596 308 1666 homo
338 1607 393 1668 est
423 1618 500 1667 essa
530 1595 692 1667 Christus
722 1594 846 1678 voluit,
872 1605 913 1666 ut
939 1604 976 1666 et
1007 1596 1114 1666 homo
1141 1597 1252 1688 possit

155 1735 277 1784 10essc
294 1714 388 1805 quod
406 1713 568 1784 Christus
584 1722 650 1782 est.
694 1712 863 1783 Sciebant
876 1721 913 1781 et
930 1711 954 1782 J
955 1713 1050 1782 udaei
1068 1711 1250 1782 Christum

199 1851 276 1900 esse
295 1838 493 1900 ventumm.
540 1828 637 1899 Nam
654 1829 713 1899 hic
730 1827 800 1898 illis
817 1850 957 1920 semper
972 1826 1155 1920 prophetis
1172 1850 1249 1896 mo·

200 1945 367 2016 nantibus
383 1945 669 2016 adnuntiabatur.
718 1943 790 2014 Sed
808 1943 1005 2038 significato
1024 1943 1157 2036 duplici
1175 1945 1250 2034 ejus

199 2063 366 2146 adventu,
384 2083 456 2132 uno
474 2061 534 2153 qui
558 2061 728 2130 exercitio
752 2069 789 2130 et
812 2059 978 2153 exemplo
1002 2059 1154 2129 hominis
1172 2059 1251 2128 farn-

198 2188 352 2271 geretur,
369 2177 482 2248 altero
500 2177 560 2269 qui
585 2175 703 2246 Deum
727 2175 907 2258 fateretur,
925 2199 996 2246 non
1018 2174 1250 2269 intelligendo

156 2317 164 2355 ι
172 2317 188 2374 5
199 2294 353 2384 primum
365 2293 570 2374 adventum,
584 2293 644 2383 qui
662 2294 699 2361 in
711 2294 873 2384 passione
885 2293 1066 2385 praecessit
1079 2291 1249 2372 occultus,

199 2431 311 2479 unum
338 2416 478 2480 tantum
507 2410 657 2480 credunt
682 2409 743 2499 qui
773 2410 841 2478 erit
872 2410 908 2477 in
934 2416 1113 2501 potestate
1139 2409 1251 2478 mani-

196 2525 318 2596 festus.
361 2525 467 2608 Quod
485 2533 606 2596 autem
628 2524 696 2594 hoc
717 2524 926 2596 Judaeorum
947 2523 1099 2617 populus
1119 2523 1250 2594 intelli-

198 2663 282 2736 gere
299 2663 372 2711 non
388 2641 516 2732 potuit,
534 2639 745 2711 delictorum
763 2641 931 2710 men‘tum
948 2640 1026 2710 fuit.
1070 2639 1131 2710 Sic
1148 2649 1249 2711 erant

200 2757 382 2850 sapientiae
408 2767 446 2827 et
472 2754 720 2849 intelligentiae
747 2758 912 2826 coecitate
942 2755 1095 2838 multati,
1121 2759 1248 2850 utqui

153 2874 274 2948 aovita
293 2873 429 2968 indigni
451 2881 570 2943 essent
591 2871 764 2943 haberent
788 2874 898 2943 vitam
921 2881 1005 2942 ante
1029 2871 1160 2954 oculos,
1182 2896 1248 2943 nec

201 2989 371 3061 viderent.

250 3105 339 3178 VII.
358 3105 485 3199 ltaque
502 3128 585 3176 cum
602 3105 764 3176 Christus
780 3104 896 3188 Jesus,
914 3105 1107 3174 meandum
1130 3127 1248 3196 apro·

198 3223 316 3315 phetis
332 3233 416 3295 ante
433 3223 613 3316 praedicta,
627 3219 735 3291 verbo
747 3229 785 3315 et
798 3221 894 3292 vocis
911 3221 1058 3312 imperio
1071 3221 1247 3291 daemonia

199 3340 244 3410 de
265 3340 467 3411 hominibus
487 3345 683 3420 excuteret,
706 3335 915 3430 paralyticos
936 3337 1172 3429 restringeret,
1196 3335 1246 3406 le-

153 3492 187 3550 ²5
199 3479 321 3549 prosos
344 3463 519 3552 purgaret,
544 3453 759 3524 illuminaret
782 3477 906 3536 coecos,
930 3452 1064 3524 claudis
1085 3475 1244 3546 gressum

200 3575 310 3657 daret,
344 3583 503 3645 mortuos
532 3593 651 3642 mrsus
684 3571 866 3651 animaret,
896 3578 1039 3663 cogeret
1073 3569 1139 3639 sibi
1173 3568 1245 3638 ele-

199 3699 321 3761 menta
338 3689 509 3770 famulari,
523 3689 652 3758 servire
668 3695 803 3768 ventos,
821 3688 931 3757 maria
947 3687 1100 3767 obedire,
1114 3685 1244 3755 infame

200 3808 335 3888 cedere,
359 3805 485 3887 Judaei,
508 3805 569 3894 qui
592 3801 692 3872 illum
715 3803 936 3872 crediderant
961 3802 1140 3872 hominem
1167 3811 1245 3871 tau-

200 3929 278 3990 tum
302 3922 347 3991 de
373 3921 576 3991 humilitate
601 3919 714 3989 earnis
740 3927 777 3988 et
802 3920 966 4012 corporis,
993 3918 1245 3989 existimabant

151 4059 344 4130 gomagum
362 4039 407 4108 de
424 4037 567 4106 licentia
583 4036 779 4127 potestatis.
820 4035 929 4105 Hunc
945 4035 1103 4128 magistri
1121 4059 1243 4105 eorum

199 4159 307 4243 atque
336 4153 515 4244 primores,
545 4149 613 4221 hoc
643 4161 707 4232 est,
735 4175 822 4243 quos
852 4163 889 4221 et
919 4152 1079 4222 doctrina
1111 4150 1172 4222 ille
1205 4161 1243 4220 et

200 4269 372 4362 sapientia
410 4267 623 4348 revincebat,
661 4269 798 4338 accensi
839 4270 890 4338 ira
927 4276 965 4338 et
1001 4268 1243 4362 indignatione

199 4385 379 4476 provocati
396 4386 546 4454 insecuti
563 4391 706 4465 suntet
724 4393 901 4476 postremo
914 4385 1101 4455 detentum
1117 4383 1244 4454 Pontio

201 4499 328 4584 Pilato,
353 4503 414 4593 qui
445 4511 530 4570 tunc
560 4523 606 4570 ex
636 4508 736 4592 parte
765 4499 926 4571 Romam
955 4501 1092 4594 Syriam
1122 4525 1246 4595 procu·

688 4637 713 4686 u
731 4623 795 4688 n2
