3314 5190
458 495 522 558 DE
548 495 671 560 ZELO
695 495 758 559 ET
784 496 973 560 LIVORE.
1179 498 1245 562 325

190 691 303 741 uouuc
335 667 491 742 murales
525 671 606 741 ustis
638 677 671 742 et
705 668 890 742 secuudum
924 667 1095 742 homiuem
1128 669 1245 742 umbri-

190 783 306 857 lutis?

241 901 332 974 VII.
351 899 559 974 Obterendo
581 911 674 986 sunt,
695 903 822 974 fratres
844 903 1073 987 dilectissimi,
1096 904 1184 974 vitio
1206 913 1244 975 et

190 1027 339 1111 peccato
372 1018 535 1102 earnalis,
566 1028 604 1090 et
633 1021 766 1091 terreni
795 1021 949 1114 corporis
984 1019 1113 1090 infesto
1146 1021 1245 1092 lobes

164 1135 338 1226 ,sspirituli
363 1137 485 1230 vigore
507 1135 695 1221 calcando3
721 1160 767 1208 ne
783 1138 870 1208 dum
894 1137 1024 1207 iterum
1046 1136 1092 1208 ud
1115 1139 1245 1208 veteris

190 1250 345 1322 hominis
374 1253 678 1324 conversationem
711 1252 935 1337 revolvimur,
968 1252 1160 1326 lethalibus
1195 1253 1245 1326 la·

190 1367 291 1458 queis
313 1366 547 1460 implicemur,
569 1367 730 1462 apostolo
752 1369 821 1440 hoc
844 1371 940 1441 idem
963 1371 1191 1462 providenter
1207 1380 1245 1441 et

191 1483 379 1554 sulubriter
405 1493 665 1577 praemonente:
704 1483 837 1581 Itaque,
858 1487 984 1578 inquit,
1003 1483 1152 1581 fratres,
1175 1503 1325 1558 uounmn.
1338 1505 1387 1550 uu.

190 1598 375 1670 scmudum
401 1623 537 1672 onmem
561 1600 725 1672 uiuamus.
775 1601 821 1674 Si
842 1602 935 1673 cuim
957 1602 1141 1674 secuudum
1169 1627 1243 1674 cor-

148 1739 268 1788 rouem
302 1718 473 1800 viceritis,
508 1718 683 1812 incipietis
717 1719 818 1791 mori
872 1717 919 1792 Si
952 1729 1064 1791 cotun
1102 1717 1244 1814 Spiritu

190 1856 297 1928 opera
313 1833 431 1904 caruis
456 1833 754 1928 mortificaveritis,
778 1834 907 1906 vivetis.
964 1834 1136 1930 Quotquot
1152 1837 1243 1906 cuim

190 1945 332 2043 Spiritu
361 1947 435 2020 Dei
468 1957 628 2046 upuutur,
661 1947 701 2020 ti
733 1949 811 2043 filii
842 1948 916 2021 Dei
951 1959 1041 2022 suut.
1106 1951 1145 2022 Si
1179 1951 1244 2022 filii

191 2064 262 2136 Dei
293 2087 426 2148 sumus,
456 2065 486 2136 si
516 2064 652 2157 templo
680 2066 756 2158 ejus
786 2088 863 2136 esse
887 2065 962 2157 jam
999 2067 1179 2158 coepimus,
1214 2069 1243 2138 si

190 2192 338 2276 eccepto
367 2182 504 2276 Spiritu
534 2181 667 2253 Sancto
700 2188 822 2252 sancte
851 2189 890 2251 et
924 2180 1129 2274 spirituliter
1158 2184 1245 2252 vivi-

146 2321 280 2386 r5mus,
298 2299 327 2368 si
349 2299 395 2369 de
419 2298 521 2369 torris
544 2297 665 2369 oeulos
687 2297 733 2368 od
756 2294 887 2366 coelum
904 2295 1122 2381 sustulimus,
1145 2299 1173 2370 si
1198 2299 1243 2370 ad

190 2437 342 2507 superno
370 2422 408 2486 et
436 2415 557 2486 divino
584 2412 731 2507 plenum
766 2411 847 2482 Deo
876 2421 915 2483 et
944 2412 1087 2485 Christo
1116 2424 1242 2507 pectus

191 2532 379 2616 ereximus,
402 2553 474 2601 non
499 2531 565 2601 nisi
592 2553 670 2622 quae
693 2537 777 2600 sunt
802 2528 882 2600 Deo
905 2539 943 2600 et
968 2529 1111 2601 Christo
1136 2532 1243 2625 digno

191 2647 371 2732 faciamus,
394 2648 487 2718 sieut
509 2655 548 2718 et
570 2644 750 2740 apostolus
772 2647 907 2717 excitat
930 2653 968 2716 ut
990 2646 1171 2720 hortatur:
1196 2647 1242 2722 Si
1251 2668 1340 2718 cornu.
1352 2669 1386 2716 ru.

190 2760 467 2844 nuscuntur,
506 2763 632 2854 inquit,
671 2783 747 2832 cum
788 2757 939 2844 Christo,
984 2784 1061 2855 puro
1103 2786 1241 2834 sursum

143 2913 181 2950 ιο
189 2886 269 2948 suut
298 2877 451 2972 petoritu
481 2873 541 2946 uli
572 2873 735 2950 Christus
764 2884 813 2947 est
842 2876 881 2945 iu
911 2874 1053 2948 deutero
1086 2875 1159 2948 Dei
1192 2901 1243 2949 sc·

189 2993 297 3073 dorus:
331 3015 409 3087 quc
432 3014 570 3063 sursum
595 3001 676 3062 suut
700 2989 820 3085 sopite,
846 3013 916 3061 uou
943 3013 1020 3084 quar
1046 3015 1150 3087 super
1175 3002 1242 3064 ter·

188 3132 276 3180 rum.
326 3105 468 3178 Mortui
496 3106 588 3176 cuim
617 3107 708 3189 estis,
736 3115 768 3177 ct
797 3105 869 3177 ritu
901 3115 1013 3178 oestro
1043 3105 1241 3180 absondita

188 3233 238 3298 eu
262 3247 338 3297 curu
365 3221 507 3298 Christo
532 3222 571 3292 iu
596 3221 684 3294 Deo.
737 3221 827 3296 Cum
853 3230 965 3294 ouum
993 3220 1154 3296 Christus
1180 3249 1240 3320 up-

183 3341 346 3438 porucrit
384 3340 456 3412 vitu
487 3348 610 3423 oestro,
645 3347 727 3410 tuuc
759 3347 791 3410 ct
824 3361 882 3410 oos
915 3337 1127 3433 apparebitis
1164 3365 1239 3412 cum

144 3457 266 3553 25ipso
294 3456 334 3527 iu
363 3453 490 3553 pluria.
541 3456 613 3540 Qui
644 3478 728 3550 ergo
761 3456 799 3525 in
833 3455 1010 3548 baptismo
1043 3459 1240 3528 secundum

189 3573 343 3645 hominis
372 3573 508 3664 antiqui
537 3583 685 3665 peccatu
713 3570 866 3643 carnalis
895 3579 933 3641 et
962 3573 1094 3642 mortui
1120 3581 1158 3644 et
1187 3597 1242 3645 se-

189 3688 283 3783 pulti
304 3713 436 3774 sumus,
462 3691 523 3782 qui
549 3691 815 3783 regeneratione
838 3687 974 3760 coelesti
994 3687 1136 3759 Christo
1159 3713 1243 3761 con-

190 3807 417 3890 surreximus,
443 3829 524 3898 quae
549 3815 633 3876 sunt
662 3803 795 3876 Christi
822 3814 861 3876 et
888 3806 1086 3898 cogitemus
1111 3809 1243 3898 puriter

190 3929 229 3994 et
256 3944 431 4016 geremus,
461 3924 555 3992 sicut
582 3923 679 3992 idem
712 3920 893 4014 apostolus
922 3921 1028 3992 docet
1056 3943 1176 3993 mrsus
1204 3933 1242 3994 et

142 4047 324 4134 30monet,
342 4039 483 4110 dicens:
508 4037 656 4109 Primus
672 4033 772 4108 homo
789 4035 831 4108 dc
847 4043 950 4108 terroe
966 4034 1059 4120 limo,
1075 4036 1263 4111 saeuum,
1278 4065 1333 4115 cor.
1346 4081 1387 4114 xv.

188 4149 290 4224 toruo
314 4151 357 4224 do
381 4150 472 4224 coelrr.
524 4149 647 4242 Qualis
673 4149 731 4222 itte
754 4150 797 4222 de
820 4148 913 4235 limo,
940 4149 1023 4223 rates
1052 4162 1084 4225 ct
1114 4152 1175 4247 qui
1200 4153 1242 4226 dc

190 4267 299 4350 timo,·
332 4277 364 4340 ct
390 4266 501 4363 qualis
527 4266 677 4351 comto,
700 4267 782 4340 tales
805 4277 836 4339 et
859 4266 1012 4340 ooelcstes.
1065 4268 1242 4360 ouum

186 4385 402 4482 portavimus
440 4385 624 4481 imopiuem
660 4383 731 4478 pus
771 4387 832 4478 pui
868 4383 910 4456 de
946 4383 1028 4457 limo
1064 4395 1121 4468 est,
1157 4409 1241 4480 por-
