3314 5190
415 503 480 565 324
790 501 823 564 S.
849 498 1087 564 CYPRIANI

414 696 522 768 quam
556 674 799 766 praevaricatio
829 683 885 746 est
914 675 1023 746 divini
1064 674 1226 755 nominis,
1264 694 1371 765 quam
1408 673 1470 743 de-

415 791 523 862 sertio
548 790 685 859 itineris
710 789 883 876 salutaris,
905 792 1047 883 quaudo
1069 791 1144 882 ipse
1166 787 1294 858 doceat
1315 796 1354 858 et
1375 787 1472 858 dicat

282 929 298 962 ⁸
321 914 389 964 ⁴⁵¹·
416 929 499 977 eum
529 904 574 976 ad
605 905 714 976 vitam
745 908 866 978 venire
895 908 957 1000 qui
991 908 1160 977 mandata
1194 905 1396 987 servaverit,
1433 914 1473 975 et

416 1045 499 1094 eum
517 1043 594 1094 esse
611 1022 809 1114 sapientem
826 1024 887 1114 qui
901 1023 1008 1093 verba
1021 1023 1097 1116 ejus
1113 1021 1266 1093 audierit
1278 1029 1317 1092 et
1334 1022 1471 1104 fecerit

416 1141 599 1211 doctorem
623 1162 765 1231 quoque
788 1161 872 1210 eum
894 1139 1092 1210 maximum
1109 1139 1147 1210 in
1167 1161 1277 1232 regno
1300 1138 1471 1208 coelorum
1482 1167 1502 1224 5

416 1256 532 1328 vocari
558 1258 619 1349 qui
645 1256 771 1326 fecerit
800 1263 838 1327 et
862 1256 913 1328 sic
938 1257 1122 1340 docuerit;
1147 1263 1235 1326 tunc
1262 1255 1470 1349 praedicanti

415 1373 641 1468 profuturum
669 1374 766 1465 quod
798 1373 890 1444 bene
924 1382 1033 1465 atque
1064 1373 1203 1444 utiliter
1235 1374 1471 1466 praedicstum

416 1487 533 1572 fuerit,
564 1490 594 1559 si
622 1489 660 1559 id
690 1488 786 1581 quod
815 1511 876 1558 ors
906 1489 1082 1581 promitur
1111 1489 1214 1560 factis
1242 1487 1472 1580 sequentibus

335 1631 360 1664 v·
417 1604 618 1698 impleatur.
670 1605 767 1690 Quid
789 1628 873 1675 vero
893 1605 1086 1676 insinuavit
1108 1605 1265 1676 crebrius
1288 1602 1472 1697 discipulis

416 1722 487 1792 suis
514 1721 700 1806 Dominus,
726 1721 810 1814 quid
838 1723 932 1792 inter
961 1720 1129 1792 salutaria
1154 1722 1293 1792 monita
1319 1729 1358 1791 et
1384 1744 1472 1814 prae-
1485 1747 1522 1786 ιο

416 1844 521 1931 cepta
554 1837 713 1909 coelestia
742 1837 1015 1908 custodiendum
1044 1837 1158 1931 magis
1189 1836 1471 1928 servandumque

415 1954 608 2037 mandavit,
633 1975 740 2044 quam
764 1960 806 2024 ut
829 1953 954 2024 eudem
978 1953 1169 2024 dilectione
1189 1975 1261 2044 qua
1280 1951 1472 2044 discipulos

300 2108 324 2141 n.
416 2069 492 2162 ipsc
521 2069 649 2140 dilexit
677 2091 742 2140 nos
771 2091 913 2160 quoque
941 2069 1095 2139 invicem
1125 2066 1338 2162 diligamus?
1372 2067 1471 2151 Quo-

250 2172 292 2206 ¹'‘
416 2187 523 2256 modo
540 2193 663 2256 autem
679 2185 736 2256 vel
760 2208 885 2278 pacem
910 2184 1056 2256 Domini
1074 2182 1131 2255 vel
1155 2185 1340 2254 caritatem
1358 2191 1470 2264 tenet,

414 2303 476 2392 qui
501 2302 745 2374 intercedente
771 2301 847 2373 zelo
874 2325 940 2372 nec
964 2300 1132 2394 pacificus
1156 2308 1277 2393 potest
1303 2322 1380 2370 csse
1403 2323 1470 2370 nec
1483 2328 1516 2384 15

414 2417 539 2488 carnal
574 2417 663 2488 Ideo
685 2425 724 2487 et
744 2417 924 2510 apostolus
947 2415 1081 2488 Paulus
1102 2439 1185 2486 cum
1207 2417 1304 2508 pacis
1328 2424 1367 2486 et
1382 2417 1470 2486 cari·

414 2533 499 2602 tetis
515 2533 644 2604 merita
660 2534 895 2626 depromeret,
913 2555 1066 2626 cumque
1083 2540 1300 2605 asseveraret
1320 2533 1470 2604 firmiter

415 2658 453 2719 et
478 2648 622 2720 doceret
643 2673 710 2720 nec
731 2650 840 2720 fidem
861 2651 927 2720 sibi
949 2672 1015 2720 nec
1037 2649 1279 2742 eleemosynas
1302 2671 1368 2719 neo
1390 2671 1469 2742 pas-

415 2765 550 2836 sionem
580 2788 721 2858 quoque
745 2768 858 2858 ipsam
889 2766 1097 2838 confessoris
1127 2775 1166 2836 et
1194 2766 1359 2858 martyris
1386 2789 1468 2858 pro-

413 2881 582 2965 futuram,
605 2883 672 2954 nisi
690 2883 846 2953 caritatis
863 2883 997 2952 foedere
1012 2883 1152 2974 integra
1172 2890 1281 2974 atque
1298 2880 1467 2952 inviolata
1478 2909 1516 2949 20

254 3036 263 3070 ι
325 3024 396 3075 ,χιιι
415 3007 596 3083 servasset,
626 2999 756 3092 adjecit
780 3007 819 3069 et
844 2999 955 3069 dixit:
994 2995 1136 3070 Caritas
1161 2998 1383 3094 mopaoaimn
1407 3005 1466 3078 cst,

414 3117 543 3189 caritas
567 3113 712 3213 bcaipno
737 3122 795 3198 cst,
826 3114 955 3187 coritas
984 3137 1054 3184 ιιοιι
1083 3109 1181 3184 zelat.
1234 3112 1377 3184 Docens
1401 3115 1467 3184 sci·

414 3231 500 3304 licet
522 3239 560 3304 et
582 3234 772 3302 ostendens
792 3254 876 3301 eum
900 3253 1002 3324 posse
1019 3231 1206 3300 caritatem
1229 3237 1352 3301 tenere
1373 3231 1467 3322 quis-

414 3348 493 3440 quis
508 3349 755 3440 magnanimus
771 3346 879 3417 iucrit
896 3354 933 3417 et
951 3346 1125 3440 benignus
1142 3355 1180 3418 et
1197 3345 1266 3417 zeli
1289 3369 1331 3416 ac
1348 3345 1468 3417 livoris

413 3461 559 3532 alicnus.
611 3461 706 3531 Item
744 3461 814 3530 alio
846 3461 926 3531 loco
964 3484 1047 3532 cum
1083 3469 1246 3533 moneret
1283 3470 1325 3532 ut
1358 3462 1466 3532 homo
1479 3491 1494 3530 2
1499 3493 1516 3549 5

408 3577 486 3668 jam
522 3574 655 3648 Sancto
693 3576 829 3669 Spiritu
865 3576 992 3670 plenus
1031 3584 1069 3648 et
1107 3579 1295 3650 nativitate
1331 3578 1466 3649 coelesti

415 3690 485 3763 Dei
515 3692 609 3763 lilius
639 3693 753 3764 factus
782 3715 854 3763 non
883 3693 951 3762 nisi
981 3693 1151 3786 spiritalia
1177 3701 1215 3764 ct
1244 3695 1364 3765 divina
1393 3715 1468 3764 seo-

252 3829 381 3880 remur.
414 3813 522 3891 tetur,
546 3809 648 3902 ponit
673 3816 711 3880 et
740 3809 848 3880 dicit:
884 3806 935 3880 Et
961 3831 1021 3905 eqo
1051 3807 1198 3902 quidem,
1217 3807 1367 3905 fratres,
1397 3831 1468 3880 aon

407 3924 512 4019 potui
539 3921 632 3996 vobis
661 3922 758 4019 loqtd
786 3924 887 4019 quasi
916 3923 1142 4019 spiritalibus,
1172 3925 1234 3996 scd
1261 3925 1362 4021 quasi
1391 3947 1468 3997 cor-

414 4038 559 4125 nalidus,
589 4049 752 4135 tanquam
781 4038 973 4136 insontibus
1002 4042 1042 4111 ιἰι
1073 4039 1224 4115 Christo.
1274 4039 1381 4112 Lacte
1408 4063 1519 4121 cosso

408 4159 538 4251 potavi,
563 4179 634 4231 uon
667 4155 751 4231 cibo.
802 4155 967 4228 Nondum
997 4157 1089 4228 caim
1108 4155 1289 4253 poteratis,
1319 4156 1381 4230 scd
1408 4181 1467 4229 nc-

414 4294 477 4367 quc
493 4298 585 4348 nunc
603 4274 757 4370 potestis
808 4271 936 4346 Adduo
958 4273 1050 4344 euim
1073 4275 1154 4346 catis
1176 4271 1341 4345 carnoks.
1398 4272 1467 4346 Uti

413 4386 504 4459 caim
528 4387 851 4461 stomacacen
875 4390 1043 4460 contentio
1068 4399 1099 4462 ct
1123 4389 1352 4462 discussiones
1373 4399 1465 4472 sunt,
