3316 5198
393 453 437 518 74
756 447 788 512 S.
808 444 1080 511 HIPPOLYTI
1191 435 1194 442 ’

394 619 640 726 ονργήσαντος
657 618 824 724 ἔμπειρον
842 621 901 700 καὶ
928 615 1181 720 ἀνεκδιήγητον
1200 617 1340 723 τέχιαγν,
1357 618 1442 697 ἀλλ’

393 746 547 850 ἢμόνον
571 749 711 851 ὁρῶντα
737 753 828 827 νοεῖν
856 748 914 826 καὶ
934 742 1126 843 πιστεύειν,
1145 743 1200 826 ὅτι
1224 745 1332 850 ἔργον
1349 751 1445 826 Θεοῦ

395 879 596 982 ἅνθρωπος.
628 878 720 980 Περὶ
737 874 776 955 δέ
794 871 918 977 Λόγον
935 870 1078 974 γε’νεσιν
1092 871 1213 975 ζητεῖς,
1227 871 1336 976 ὅνπερ
1352 880 1441 969 βου·

396 1007 562 1107 ληθεῖςὸ
591 1000 685 1085 Θεὸς
708 1001 837 1106 Πατὴρ
858 1001 1046 1103 ἐγέννησεν
1074 1002 1123 1083 ὡς
1148 997 1353 1100 ἡθέλησεν;
1385 1000 1444 1080 Οῦ

396 1130 469 1236 γὰρ
497 1131 668 1235 αὔταρκές
696 1165 758 1210 σοι
785 1131 885 1209 ἐστὶν
912 1131 1038 1228 μαθεῖν
1059 1124 1114 1205 ὅτι
1143 1122 1283 1225 κόσμον
1307 1128 1328 1205 ὁ
1353 1124 1472 1235 Θεῦςς

397 1262 576 1361 ἐποίησεν·
616 1257 716 1337 ἀλλὰ
740 1261 799 1337 καὶ
820 1254 932 1336 πόθεν
957 1255 1135 1353 ἐποίησεν,
1156 1259 1295 1360 τολμᾷς
1324 1251 1444 1356 ἐπιζη-

397 1395 496 1486 τεῖν;
519 1387 542 1488 ἢ
561 1388 625 1467 οῦκ
642 1384 813 1489 αὔταρκές
831 1418 894 1463 σοι
911 1385 1011 1462 ἐστὶν
1029 1386 1165 1483 μαθεῖν,
1176 1381 1231 1462 ὅτι
1244 1380 1332 1468 Υἱὸς
1351 1387 1448 1463 θεοῦ

397 1548 460 1595 σοι
491 1512 699 1621 ἐφανερώθη
729 1517 777 1595 εἷς
801 1512 998 1614 σωτηρίαν,
1027 1508 1088 1590 ἐὰν
1108 1510 1319 1616 πιστεύσῃς,
1347 1508 1449 1590 ἀλλὰ

398 1645 456 1721 καὶ
487 1647 565 1725 πῶς
595 1637 764 1742 ἐγεννήθη
800 1635 892 1717 κατὰ
918 1641 1077 1738 Πνεῦμα,
1104 1644 1444 1741 πολιατραγμονεῖς;

401 1774 473 1849 Καὶ
490 1766 557 1869 τὴν
575 1766 640 1868 μέν
658 1763 749 1847 κατὰ
771 1762 892 1868 σάρκα
915 1763 1084 1866 γέννησιν
1102 1766 1210 1844 αὐτοῦ
1228 1773 1270 1845 οῦ
1288 1765 1450 1850 πλείονες
1462 1813 1497 1852 ιο

398 1895 665 1996 ἐπιστεύθησαν
684 1890 930 1995 διηγήσασθαι
947 1891 1047 1992 πλὴν
1065 1891 1141 1972 δύο.
1196 1895 1269 1972 Καὶ
1289 1889 1340 1972 σῦ
1357 1904 1445 1972 τολ-

399 2029 471 2129 μοῖς
500 2021 671 2125 ἐπιζητεῖν
694 2019 761 2120 τὴν
787 2017 879 2098 κατὰ
905 2024 1055 2119 Πνεῦμα
1089 2017 1266 2122 διήγησιν,
1292 2017 1338 2119 ἣν
1364 2021 1448 2124 παρ’

400 2153 513 2257 ἐαυτῷ
539 2146 715 2254 φυλάττει
740 2144 880 2250 Πατὴρ,
906 2147 1171 2227 ἀποκαλύπτειν
1195 2146 1347 2246 μέλλων
1369 2147 1451 2227 τότε

402 2275 483 2384 (for.
501 2279 613 2383 nore)
633 2282 707 2358 τοῖς
735 2275 849 2376 ἁγίοις
877 2276 936 2353 καὶ
959 2274 1072 2381 ἀξίοις
1090 2279 1175 2355 ἰδεῖν
1192 2271 1234 2354 τῦ
1252 2270 1451 2377 πρόσωπον

401 2404 536 2499 αῦτοῦ;
566 2399 746 2503 Αύταρκές
764 2432 826 2478 σοι
842 2399 918 2499 ἤτω
936 2399 979 2479 τὸ
997 2400 1177 2505 εῖρημένον
1191 2397 1260 2481 ῦπῦ
1278 2409 1342 2480 τοῦ
1360 2405 1451 2503 Χρι-
1463 2443 1498 2506 ¹5

401 2537 506 2610 στοῦ·
521 2524 609 2607 Ὅτι
626 2523 668 2606 τὸ
686 2525 941 2629 γεγεννημένον
957 2530 996 2607 ἐκ
1014 2537 1078 2608 τοῦ
1097 2527 1316 2628 Πνεύματος,
1329 2535 1449 2610 Πνεῦ-

401 2655 454 2758 μά
471 2659 582 2736 ἐστιν.
641 2652 774 2738 Καθὼς
798 2652 858 2734 διὰ
874 2663 938 2735 τοῦ
956 2654 1145 2762 προφήτου
1163 2655 1229 2756 τὴν
1246 2663 1311 2735 τοῦ
1329 2655 1452 2758 Λόγον

401 2785 571 2888 γε’νιαγσιν
594 2782 780 2883 σημαίνων
804 2780 860 2861 ὅτι
890 2781 1107 2885 γεγέννηται,
1134 2779 1176 2864 τῦ
1205 2780 1242 2862 δέ
1271 2789 1348 2868 πῶς
1377 2788 1448 2890 φν-

403 3038 469 3080 cere
482 3027 573 3076 ortem
589 3017 653 3094 ejus
673 3015 724 3093 qui
742 3015 860 3084 creavit,
875 3013 906 3072 in
948 3017 1076 3077 cundum
1099 3017 1252 3094 Spiritum,
1273 3017 1385 3078 curiose
1405 3017 1452 3077 in.

403 3098 583 3179 experientia
604 3107 634 3156 et
648 3115 704 3155 usu
725 3095 861 3175 positam.
876 3107 907 3153 et
948 3098 1057 3176 deges?
1080 3097 1174 3175 Atqui
1190 3099 1406 3176 generationem
1420 3120 1451 3158 e·

403 3201 463 3238 non
491 3177 679 3237 enarrabiiem
690 3199 699 3246 ;
732 3174 784 3234 ned
812 3175 906 3233 solnm
944 3178 995 3256 jus
1009 3178 1169 3237 secundum
1184 3199 1299 3237 carnem
1319 3199 1452 3240 enarrare

403 3257 530 3318 videndo
550 3255 715 3334 intelligere
739 3267 770 3314 et
790 3255 908 3314 credere
948 3279 1007 3317 non
1017 3258 1150 3338 pluribus
1159 3278 1245 3336 quom
1257 3259 1371 3319 duobus
1381 3279 1451 3318 oon·

403 3339 483 3418 quod
497 3357 571 3417 opus
585 3337 642 3395 Dei
663 3347 708 3395 est
722 3335 817 3394 homo.
860 3334 907 3394 De
949 3338 1093 3397 creditum
1108 3348 1162 3406 est,
1172 3350 1244 3398 etto
1260 3339 1351 3399 audeo
1363 3360 1453 3419 gene-

405 3418 498 3478 Verbi
519 3427 617 3477 autem
645 3416 841 3495 generationis
864 3435 909 3472 ro·
948 3419 1090 3477 rationem
1119 3418 1279 3477 secundum
1309 3419 1451 3500 Spiritum

404 3499 484 3558 tione
503 3497 618 3576 quaeris.
639 3516 697 3574 qun
719 3495 802 3553 Deus
820 3494 909 3553 Pater
949 3500 1082 3565 scrutari,
1104 3518 1192 3576 quam
1213 3498 1292 3578 apud
1311 3519 1342 3558 se
1363 3497 1453 3559 Pater

403 3597 541 3658 generare
563 3577 676 3646 voluit;
698 3576 848 3654 generavit
869 3575 909 3633 si·
949 3588 1056 3644 servat,
1080 3577 1262 3638 revelaturus
1279 3591 1350 3639 tunc
1371 3600 1454 3639 nnnc.

404 3672 455 3719 cut
470 3657 573 3716 voluit.
616 3655 687 3714 Non
708 3654 779 3714 entis
795 3656 908 3714 esttibi
950 3659 999 3727 tis,
1013 3659 1064 3736 qui
1086 3669 1120 3716 ut
1134 3658 1237 3718 faciem
1257 3659 1321 3736 ejun
1335 3659 1454 3720 videant

404 3741 478 3800 seire
492 3737 571 3814 quod
587 3737 670 3796 Deus
683 3733 826 3794 mundum
841 3754 908 3794 con·
950 3737 1032 3815 digni
1051 3742 1159 3796 erunt?
1183 3739 1262 3799 Setis
1283 3740 1356 3799 habe
1374 3740 1454 3818 quod

404 3819 490 3886 didit,
519 3818 576 3876 nisi
610 3814 718 3875 ondens
754 3815 910 3892 inquirere,
950 3818 1107 3876 aChrieto
1131 3818 1241 3878 dictum
1265 3831 1326 3878 eet:
1349 3820 1456 3886 ²Quod

405 3898 552 3978 quomodo
565 3895 718 3956 condidit?
744 3894 816 3952 Non
830 3895 908 3954 euffi-
951 3899 1453 3979 oolumertenSpirito,Spiritmest,

405 3981 446 4040 cit
459 3978 513 4038 tibi
529 3995 711 4055 cognoeoere,
723 3973 803 4053 quod
816 3975 910 4033 Filius
951 3977 1027 4037 nient
1047 3998 1100 4056 per
1120 3979 1292 4058 prophetam
1311 3980 1455 4059 significat

407 4059 464 4118 Dei
485 4059 539 4118 ribi
561 4057 697 4194 opXoruit
718 4055 755 4115 od
777 4054 910 4126 sulutem,
953 4057 1044 4116 Verbi
1066 4059 1282 4136 generationem
1303 4060 1383 4139 quod
1404 4081 1454 4139 ge·

406 4139 431 4196 ni
456 4150 554 4197 tamen
582 4138 591 4194 i
640 4135 755 4208 credis3
787 4135 839 4194 sed
864 4135 910 4192 in·
951 4137 1033 4198 nitus
1053 4150 1120 4197 est:
1142 4140 1289 4217 quomodo
1309 4161 1390 4208 vero,
1408 4160 1455 4198 re·

406 4237 493 4297 snper
511 4215 657 4294 quomodo
670 4219 787 4296 genitus
807 4227 852 4275 est
866 4235 911 4275 oe·
952 4229 1048 4278 servat
1062 4219 1140 4297 opud
1161 4239 1192 4279 se
1213 4219 1243 4278 in
1258 4231 1374 4300 ternpus
1392 4241 1454 4280 cer.
1496 4283 1499 4290 ¹

829 4449 832 4458 .
847 4415 862 4444 ⁸
873 4405 932 4454 θοὴ.
944 4405 977 4454 iii.
990 4405 1014 4454 ⁶.

1633 1181 1637 1330 ι
