3294 5192
320 1393 651 1479 LECTIONES
686 1397 1177 1484 TERTULLIANEAE

336 1671 446 1743 MSS.
473 1671 746 1746 AGOBARDI
774 1677 836 1748 ΕΤ
861 1678 1018 1750 LUGD.
1045 1677 1157 1750 ΒΑΤ.

633 1895 850 1940 -Φ-

263 2117 431 2180 Postremo
446 2115 515 2180 loco
531 2117 599 2200 jam
614 2115 759 2200 sequitur
772 2115 898 2182 codicis
914 2118 1081 2204 Agebardi
1096 2125 1130 2183 et
1143 2118 1269 2184 Oodieia

217 2217 418 2285 bibliothecae
443 2218 590 2304 Lugduni
612 2217 809 2283 Batavorum
834 2220 993 2306 scriptura
1015 2222 1048 2284 in
1069 2221 1109 2284 iia
1129 2220 1269 2286 maxime

218 2319 406 2386 Tertulliani
432 2321 546 2400 verbis,
574 2343 644 2406 quae
666 2321 699 2385 in
721 2330 833 2386 nostra
854 2321 993 2388 editione
1016 2329 1144 2388 mutata
1164 2344 1186 2386 a
1207 2322 1268 2386 lec-

216 2423 304 2488 tione
326 2431 457 2509 recepta
476 2423 667 2510 discrepani.
711 2425 752 2488 In
775 2423 838 2490 fine
850 2409 967 2490 'autem
989 2425 1102 2511 positae
1123 2433 1198 2491 aunt
1217 2425 1267 2490 hae

216 2523 376 2603 leciionea‚
393 2547 465 2590 cum
485 2526 571 2612 lypis
585 2526 655 2610 jam
672 2547 783 2590 cusum
803 2535 888 2592 casei
909 2527 970 2591 hoc
991 2527 1145 2606 volumen,
1166 2525 1267 2612 prius-

216 2649 313 2712 quam
337 2629 490 2695 Varielea
515 2629 681 2715 utriusque
710 2629 845 2710 Codicis,
880 2631 913 2695 in
942 2631 1082 2718 gratiam
1113 2637 1267 2715 praeelan-

215 2731 330 2797 tissimi
344 2733 403 2798 viri
418 2734 561 2799 Edverdi
576 2734 682 2818 Puaey
696 2735 895 2809 transmissa,
908 2735 1061 2823 Angliam
1075 2732 1215 2800 advenit.

302 2952 344 3014 In
361 2949 548 3014 Tertulliani
561 2949 599 3014 de
616 2949 760 3012 Oratim
773 2947 868 3012 libro
886 2950 1008 3014 Codicis
1021 2949 1183 3035 Ayolardi

563 3051 718 3116 Lectiones
731 3050 860 3114 aocnall
887 3100 895 3115 .

257 3197 328 3276 Peg.
348 3215 413 3254 101.
427 3195 447 3254 l.
461 3214 505 3272 19.
520 3215 579 3273 qno
592 3195 683 3254 venit.
761 3194 818 3253 lixa
832 3207 877 3254 est
891 3196 922 3254 in
941 3197 996 3256 hoc
1011 3195 1119 3255 Codice
1134 3217 1191 3256 vox
1203 3200 1264 3254 dra.

256 3279 291 3336 P.
316 3296 383 3336 102.
408 3276 428 3335 l.
447 3295 496 3336 20.
524 3275 573 3335 vel
597 3294 716 3334 venera·
759 3279 955 3348 tremefactu
984 3290 1015 3336 et
1039 3277 1159 3355 reliquia
1186 3279 1263 3358 capi·

215 3358 336 3417 tionem.
760 3357 839 3414 tibus
873 3357 964 3423 tituli,
1001 3358 1052 3435 qui
1091 3370 1263 3436 sequuntur,

255 3440 286 3497 P.
298 3471 340 3483 -
350 3439 370 3496 1.
382 3458 429 3513 23.
443 3441 523 3497 aliua.
759 3435 1024 3514 literismajuaculis
1033 3439 1263 3518 praepositiaunt.

255 3519 631 3595 P.-l.32.meruerimua.
651 3517 719 3577 Hoc
802 3518 837 3575 P.
858 3537 925 3594 109.
949 3519 970 3577 l.
987 3535 1015 3594 5.
1044 3519 1187 3586 recedere,
1213 3519 1264 3578 aed

215 3600 719 3678 verbumjemrevoeatumesaeante
759 3597 859 3656 eedem
894 3618 983 3658 mann
1014 3619 1072 3657 cor.
1106 3599 1241 3658 accedere
1252 3623 1263 3670 ς

213 3699 307 3739 meam
333 3679 491 3739 editionem
514 3699 593 3738 nunc
616 3679 719 3738 rescivi
761 3678 840 3755 quod
863 3677 893 3736 in
921 3679 991 3738 edit.
1017 3679 1177 3737 Romanam
1202 3679 1262 3754 jam

213 3760 245 3818 in
270 3771 409 3819 contextu
435 3760 543 3818 Latino
571 3760 718 3838 Interpre-
759 3770 1009 3817 commemoratam
1030 3771 1196 3818 revocatum
1217 3759 1263 3818 iu-

213 3841 320 3898 tationi
344 3840 453 3900 Italicae
469 3839 646 3899 Tertulliani
665 3837 716 3897 ad·
759 3839 814 3898 isse
829 3857 907 3898 nunc
918 3839 1012 3896 video.

213 3921 319 4000 posita,
339 3921 449 3988 Romae,
469 3923 555 3998 1756.
800 3919 837 3976 P.
853 3937 883 3976 11
890 3937 918 3994 3.
934 3920 953 3977 l.
969 3937 1014 3976 aa.
1030 3917 1089 3977 Sed
1102 3917 1180 3996 quod
1194 3939 1263 3999 pro-

255 4002 291 4060 P.
308 4019 373 4076 107.
388 4001 408 4058 l.
423 4021 448 4060 r.
468 4001 536 4068 illie,
550 4000 602 4059 red
620 3999 663 4058 illi
678 3999 719 4058 ed
757 3999 868 4057 miacue
882 3999 1051 4058 observatur
1062 4019 1114 4078 per
1128 3999 1263 4059 eccleciae

211 4101 292 4140 orem
306 4081 420 4140 codicis.
755 4079 1054 4158 quaa-Continuatie
1063 4099 1132 4136 vero
1140 4079 1185 4138 hia
1196 4099 1261 4138 ver·

253 4163 366 4220 P.-l.
379 4179 429 4238 31.
445 4163 491 4220 eit.
755 4161 808 4226 bia,
830 4158 969 4238 disparile
991 4159 1166 4226 utensilibus,
1181 4167 1212 4218 ut
1233 4167 1259 4218 el

253 4244 288 4301 P.
304 4243 369 4300 108.
384 4241 404 4299 l.
420 4259 446 4318 7.
461 4241 531 4320 quia
544 4261 598 4320 pro
611 4241 673 4318 qui.
752 4243 889 4378 fircpriar
911 4241 960 4298 &e
984 4259 1088 4318 nempe
1110 4250 1193 4319 parte
1212 4259 1258 4299 re·

253 4321 337 4382 P.—
351 4323 371 4381 l.
387 4341 431 4381 10.
446 4321 714 4402 Capitinonoprce-
769 4321 834 4397 'qun
859 4319 950 4378 libelli
973 4319 1021 4380 De
1046 4319 1129 4378 Cella
1156 4319 1258 4378 Foemi·

812 4431 895 4499 3¹2
