<?xml version="1.0" encoding="UTF-8"?>
<!DOCTYPE html PUBLIC "-//W3C//DTD XHTML 1.0 Transitional//EN"
    "http://www.w3.org/TR/xhtml1/DTD/xhtml1-transitional.dtd">
<html xmlns="http://www.w3.org/1999/xhtml" xml:lang="en" lang="en">
 <head>
  <title>
</title>
<meta http-equiv="Content-Type" content="text/html;charset=utf-8" />
  <meta name='ocr-system' content='tesseract 3.04.00' />
  <meta name='ocr-capabilities' content='ocr_page ocr_carea ocr_par ocr_line ocrx_word'/>
</head>
<body>
  <div class='ocr_page' id='page_1' title='image "./scriptorumeccle00routgoog_0284.png"; bbox 0 0 3314 5190; ppageno 0'>
   <div class='ocr_carea' id='block_1_1' title="bbox 424 1361 1022 1469">
    <p class='ocr_par' dir='ltr' id='par_1_1' title="bbox 424 1361 1022 1469">
     <span class='ocr_line' id='line_1_1' title="bbox 424 1361 1022 1469; baseline 0.01 -6"><span class='ocrx_word' id='word_1_1' title='bbox 424 1361 474 1464; x_wconf 91' lang='lat' dir='ltr'><strong>S.</strong></span> <span class='ocrx_word' id='word_1_2' title='bbox 515 1361 1022 1469; x_wconf 88' lang='lat' dir='ltr'><strong>CYPRIANUS.</strong></span> 
     </span>
    </p>
   </div>
   <div class='ocr_carea' id='block_1_2' title="bbox 587 1643 856 1680">
    <p class='ocr_par' dir='ltr' id='par_1_2' title="bbox 587 1643 856 1680">
     <span class='ocr_line' id='line_1_2' title="bbox 587 1643 856 1680; baseline 0.015 -14"><span class='ocrx_word' id='word_1_3' title='bbox 587 1643 856 1680; x_wconf 51' lang='lat'>--§..-</span> 
     </span>
    </p>
   </div>
   <div class='ocr_carea' id='block_1_3' title="bbox 196 1824 1245 2044">
    <p class='ocr_par' dir='ltr' id='par_1_3' title="bbox 196 1824 1245 2044">
     <span class='ocr_line' id='line_1_3' title="bbox 196 1824 1245 1926; baseline 0.007 -27"><span class='ocrx_word' id='word_1_4' title='bbox 196 1825 233 1899; x_wconf 87' lang='lat' dir='ltr'><strong>S.</strong></span> <span class='ocrx_word' id='word_1_5' title='bbox 249 1824 511 1912; x_wconf 79' lang='lat' dir='ltr'><strong>Hranonrrrns,</strong></span> <span class='ocrx_word' id='word_1_6' title='bbox 533 1824 612 1900; x_wconf 82' lang='lat' dir='ltr'><strong>Lib.</strong></span> <span class='ocrx_word' id='word_1_7' title='bbox 635 1825 677 1900; x_wconf 77' lang='lat' dir='ltr'><strong>dc</strong></span> <span class='ocrx_word' id='word_1_8' title='bbox 708 1825 805 1900; x_wconf 75' lang='lat' dir='ltr'><strong>Vin&#39;s</strong></span> <span class='ocrx_word' id='word_1_9' title='bbox 820 1827 1033 1915; x_wconf 62' lang='lat' dir='ltr'><strong>Illastetiam,</strong></span> <span class='ocrx_word' id='word_1_10' title='bbox 1056 1855 1132 1926; x_wconf 88' lang='lat' dir='ltr'><strong>osp.</strong></span> <span class='ocrx_word' id='word_1_11' title='bbox 1147 1832 1245 1906; x_wconf 87' lang='lat' dir='ltr'><strong>lxvii.</strong></span> 
     </span>
     <span class='ocr_line' id='line_1_4' title="bbox 280 1943 1154 2044; baseline 0.008 -31"><span class='ocrx_word' id='word_1_12' title='bbox 280 1966 360 2038; x_wconf 79' lang='lat' dir='ltr'><strong>pag.</strong></span> <span class='ocrx_word' id='word_1_13' title='bbox 380 1947 463 2014; x_wconf 86' lang='grc'><strong>150.</strong></span> <span class='ocrx_word' id='word_1_14' title='bbox 481 1945 536 2015; x_wconf 87' lang='lat' dir='ltr'><strong>ed.</strong></span> <span class='ocrx_word' id='word_1_15' title='bbox 555 1943 733 2030; x_wconf 80' lang='lat' dir='ltr'><strong>Fannrcu,</strong></span> <span class='ocrx_word' id='word_1_16' title='bbox 750 1968 806 2016; x_wconf 89' lang='lat' dir='ltr'><strong>an.</strong></span> <span class='ocrx_word' id='word_1_17' title='bbox 828 1950 935 2024; x_wconf 82' lang='lat'>1718.</span> <span class='ocrx_word' id='word_1_18' title='bbox 953 1945 1154 2044; x_wconf 82' lang='lat' dir='ltr'><strong>Hamburg.</strong></span> 
     </span>
    </p>
   </div>
   <div class='ocr_carea' id='block_1_4' title="bbox 184 2121 1244 3478">
    <p class='ocr_par' dir='ltr' id='par_1_4' title="bbox 195 2121 1244 2278">
     <span class='ocr_line' id='line_1_5' title="bbox 195 2121 1244 2278; baseline 0.006 -82"><span class='ocrx_word' id='word_1_19' title='bbox 195 2121 535 2278; x_wconf 80' lang='lat' dir='ltr'><strong>CYPRIANUS</strong></span> <span class='ocrx_word' id='word_1_20' title='bbox 579 2126 680 2211; x_wconf 84' lang='lat' dir='ltr'><strong>Afer,</strong></span> <span class='ocrx_word' id='word_1_21' title='bbox 729 2129 884 2224; x_wconf 88' lang='lat' dir='ltr'><strong>primum</strong></span> <span class='ocrx_word' id='word_1_22' title='bbox 925 2129 1077 2225; x_wconf 83' lang='lat' dir='ltr'><strong>gloriose</strong></span> <span class='ocrx_word' id='word_1_23' title='bbox 1124 2129 1244 2202; x_wconf 89' lang='lat' dir='ltr'><strong>rheto-</strong></span> 
     </span>
    </p>

    <p class='ocr_par' dir='ltr' id='par_1_5' title="bbox 184 2243 1244 3355">
     <span class='ocr_line' id='line_1_6' title="bbox 280 2243 1244 2341; baseline 0.005 -28"><span class='ocrx_word' id='word_1_24' title='bbox 280 2243 410 2314; x_wconf 80' lang='lat' dir='ltr'><strong>ricam·</strong></span> <span class='ocrx_word' id='word_1_25' title='bbox 434 2243 565 2326; x_wconf 79' lang='lat' dir='ltr'><strong>docuit,</strong></span> <span class='ocrx_word' id='word_1_26' title='bbox 589 2244 719 2315; x_wconf 84' lang='lat' dir='ltr'><strong>exindo</strong></span> <span class='ocrx_word' id='word_1_27' title='bbox 739 2245 911 2316; x_wconf 87' lang='lat' dir='ltr'><strong>suadente</strong></span> <span class='ocrx_word' id='word_1_28' title='bbox 935 2245 1141 2341; x_wconf 83' lang='lat' dir='ltr'><strong>presbytero</strong></span> <span class='ocrx_word' id='word_1_29' title='bbox 1163 2245 1244 2318; x_wconf 84' lang='lat' dir='ltr'><strong>Cae·</strong></span> 
     </span>
     <span class='ocr_line' id='line_1_7' title="bbox 191 2355 1242 2454; baseline 0.005 -25"><span class='ocrx_word' id='word_1_30' title='bbox 191 2357 284 2442; x_wconf 84' lang='lat' dir='ltr'><strong>cilio,</strong></span> <span class='ocrx_word' id='word_1_31' title='bbox 294 2381 317 2430; x_wconf 91' lang='lat' dir='ltr'><strong>a</strong></span> <span class='ocrx_word' id='word_1_32' title='bbox 329 2382 400 2452; x_wconf 91' lang='lat' dir='ltr'><strong>quo</strong></span> <span class='ocrx_word' id='word_1_33' title='bbox 416 2368 454 2430; x_wconf 87' lang='lat' dir='ltr'><strong>st</strong></span> <span class='ocrx_word' id='word_1_34' title='bbox 470 2355 768 2454; x_wconf 77' lang='lat' dir='ltr'><strong>cognomentumb</strong></span> <span class='ocrx_word' id='word_1_35' title='bbox 785 2363 930 2432; x_wconf 91' lang='lat' dir='ltr'><strong>sortitus</strong></span> <span class='ocrx_word' id='word_1_36' title='bbox 943 2370 1006 2445; x_wconf 79' lang='lat' dir='ltr'><strong>est,</strong></span> <span class='ocrx_word' id='word_1_37' title='bbox 1021 2361 1242 2434; x_wconf 78' lang='lat' dir='ltr'><strong>Christianus</strong></span> 
     </span>
     <span class='ocr_line' id='line_1_8' title="bbox 190 2474 1242 2572; baseline 0.004 -27"><span class='ocrx_word' id='word_1_38' title='bbox 190 2474 316 2558; x_wconf 85' lang='lat' dir='ltr'><strong>factus,</strong></span> <span class='ocrx_word' id='word_1_39' title='bbox 347 2497 490 2545; x_wconf 90' lang='lat' dir='ltr'><strong>omnem</strong></span> <span class='ocrx_word' id='word_1_40' title='bbox 518 2474 753 2546; x_wconf 77' lang='lat' dir='ltr'><strong>substantiam</strong></span> <span class='ocrx_word' id='word_1_41' title='bbox 782 2499 883 2548; x_wconf 82' lang='lat' dir='ltr'><strong>mam</strong></span> <span class='ocrx_word' id='word_1_42' title='bbox 915 2478 1130 2572; x_wconf 81' lang='lat' dir='ltr'><strong>pauperibus</strong></span> <span class='ocrx_word' id='word_1_43' title='bbox 1164 2500 1242 2549; x_wconf 89' lang='lat' dir='ltr'><strong>ero-</strong></span> 
     </span>
     <span class='ocr_line' id='line_1_9' title="bbox 189 2589 1242 2686; baseline 0.004 -27"><span class='ocrx_word' id='word_1_44' title='bbox 189 2590 317 2684; x_wconf 76' lang='lat' dir='ltr'><strong>gavit⁰‚</strong></span> <span class='ocrx_word' id='word_1_45' title='bbox 334 2613 376 2660; x_wconf 89' lang='lat' dir='ltr'><strong>ao</strong></span> <span class='ocrx_word' id='word_1_46' title='bbox 392 2597 474 2682; x_wconf 89' lang='lat' dir='ltr'><strong>post</strong></span> <span class='ocrx_word' id='word_1_47' title='bbox 490 2612 562 2660; x_wconf 90' lang='lat' dir='ltr'><strong>non</strong></span> <span class='ocrx_word' id='word_1_48' title='bbox 578 2589 734 2662; x_wconf 91' lang='lat' dir='ltr'><strong>multum</strong></span> <span class='ocrx_word' id='word_1_49' title='bbox 751 2594 920 2686; x_wconf 85' lang='lat' dir='ltr'><strong>temporis</strong></span> <span class='ocrx_word' id='word_1_50' title='bbox 937 2594 1072 2666; x_wconf 87' lang='lat' dir='ltr'><strong>electus</strong></span> <span class='ocrx_word' id='word_1_51' title='bbox 1089 2595 1126 2664; x_wconf 94' lang='lat' dir='ltr'><strong>in</strong></span> <span class='ocrx_word' id='word_1_52' title='bbox 1145 2615 1242 2686; x_wconf 85' lang='lat' dir='ltr'><strong>pras-</strong></span> 
     </span>
     <span class='ocr_line' id='line_1_10' title="bbox 189 2703 1240 2804; baseline 0.003 -27"><span class='ocrx_word' id='word_1_53' title='bbox 189 2704 364 2800; x_wconf 85' lang='lat' dir='ltr'><strong>byterum,</strong></span> <span class='ocrx_word' id='word_1_54' title='bbox 375 2707 484 2776; x_wconf 86' lang='lat' dir='ltr'><strong>stiam</strong></span> <span class='ocrx_word' id='word_1_55' title='bbox 497 2703 701 2800; x_wconf 80' lang='lat' dir='ltr'><strong>spiscopusd</strong></span> <span class='ocrx_word' id='word_1_56' title='bbox 712 2707 1012 2804; x_wconf 84' lang='lat' dir='ltr'><strong>Carthaginiensis</strong></span> <span class='ocrx_word' id='word_1_57' title='bbox 1024 2710 1240 2780; x_wconf 83' lang='lat' dir='ltr'><strong>constitutus</strong></span> 
     </span>
     <span class='ocr_line' id='line_1_11' title="bbox 189 2820 1237 2918; baseline 0.002 -26"><span class='ocrx_word' id='word_1_58' title='bbox 189 2830 254 2892; x_wconf 85' lang='lat' dir='ltr'><strong>est.</strong></span> <span class='ocrx_word' id='word_1_59' title='bbox 305 2820 425 2916; x_wconf 90' lang='lat' dir='ltr'><strong>Hujus</strong></span> <span class='ocrx_word' id='word_1_60' title='bbox 444 2823 577 2918; x_wconf 79' lang='lat' dir='ltr'><strong>ingenii</strong></span> <span class='ocrx_word' id='word_1_61' title='bbox 594 2822 812 2916; x_wconf 84' lang='lat' dir='ltr'><strong>superfluum</strong></span> <span class='ocrx_word' id='word_1_62' title='bbox 834 2833 890 2894; x_wconf 84' lang='lat' dir='ltr'><strong>est</strong></span> <span class='ocrx_word' id='word_1_63' title='bbox 906 2825 1080 2896; x_wconf 80' lang='lat' dir='ltr'><strong>indiosm⁰</strong></span> <span class='ocrx_word' id='word_1_64' title='bbox 1102 2833 1237 2908; x_wconf 83' lang='lat' dir='ltr'><strong>texero,</strong></span> 
     </span>
     <span class='ocr_line' id='line_1_12' title="bbox 189 2937 1237 3033; baseline 0.003 -26"><span class='ocrx_word' id='word_1_65' title='bbox 189 2959 271 3008; x_wconf 85' lang='lat' dir='ltr'><strong>oum</strong></span> <span class='ocrx_word' id='word_1_66' title='bbox 296 2937 370 3011; x_wconf 89' lang='lat' dir='ltr'><strong>sole</strong></span> <span class='ocrx_word' id='word_1_67' title='bbox 396 2937 543 3010; x_wconf 76' lang='lat' dir='ltr'><strong>clariora</strong></span> <span class='ocrx_word' id='word_1_68' title='bbox 567 2939 639 3009; x_wconf 88' lang='lat' dir='ltr'><strong>sint</strong></span> <span class='ocrx_word' id='word_1_69' title='bbox 664 2939 740 3030; x_wconf 84' lang='lat' dir='ltr'><strong>ejus</strong></span> <span class='ocrx_word' id='word_1_70' title='bbox 765 2961 881 3033; x_wconf 89' lang='lat' dir='ltr'><strong>opera.</strong></span> <span class='ocrx_word' id='word_1_71' title='bbox 934 2937 1063 3010; x_wconf 88' lang='lat' dir='ltr'><strong>Passus</strong></span> <span class='ocrx_word' id='word_1_72' title='bbox 1087 2948 1143 3009; x_wconf 87' lang='lat' dir='ltr'><strong>est</strong></span> <span class='ocrx_word' id='word_1_73' title='bbox 1170 2940 1237 3010; x_wconf 89' lang='lat' dir='ltr'><strong>snb</strong></span> 
     </span>
     <span class='ocr_line' id='line_1_13' title="bbox 189 3048 1240 3148; baseline 0.001 -24"><span class='ocrx_word' id='word_1_74' title='bbox 189 3051 381 3124; x_wconf 82' lang='lat' dir='ltr'><strong>Valeriano</strong></span> <span class='ocrx_word' id='word_1_75' title='bbox 406 3061 445 3125; x_wconf 86' lang='lat' dir='ltr'><strong>st</strong></span> <span class='ocrx_word' id='word_1_76' title='bbox 466 3052 618 3125; x_wconf 81' lang='lat' dir='ltr'><strong>Galisno</strong></span> <span class='ocrx_word' id='word_1_77' title='bbox 639 3048 882 3148; x_wconf 69' lang='lat' dir='ltr'><strong>principibus,</strong></span> <span class='ocrx_word' id='word_1_78' title='bbox 908 3055 1155 3147; x_wconf 83' lang='lat' dir='ltr'><strong>persecutione</strong></span> <span class='ocrx_word' id='word_1_79' title='bbox 1180 3078 1240 3125; x_wconf 86' lang='lat' dir='ltr'><strong>oo-</strong></span> 
     </span>
     <span class='ocr_line' id='line_1_14' title="bbox 187 3167 1237 3262; baseline 0.002 -24"><span class='ocrx_word' id='word_1_80' title='bbox 187 3175 279 3250; x_wconf 83' lang='lat' dir='ltr'><strong>tava,</strong></span> <span class='ocrx_word' id='word_1_81' title='bbox 296 3169 423 3241; x_wconf 82' lang='lat' dir='ltr'><strong>eodem</strong></span> <span class='ocrx_word' id='word_1_82' title='bbox 440 3169 498 3241; x_wconf 85' lang='lat' dir='ltr'><strong>die</strong></span> <span class='ocrx_word' id='word_1_83' title='bbox 515 3192 586 3262; x_wconf 92' lang='lat' dir='ltr'><strong>qno</strong></span> <span class='ocrx_word' id='word_1_84' title='bbox 602 3168 730 3240; x_wconf 88' lang='lat' dir='ltr'><strong>Romae</strong></span> <span class='ocrx_word' id='word_1_85' title='bbox 743 3167 937 3252; x_wconf 87' lang='lat' dir='ltr'><strong>Cornelius,</strong></span> <span class='ocrx_word' id='word_1_86' title='bbox 950 3170 1013 3240; x_wconf 86' lang='lat' dir='ltr'><strong>sed</strong></span> <span class='ocrx_word' id='word_1_87' title='bbox 1025 3192 1098 3240; x_wconf 93' lang='lat' dir='ltr'><strong>non</strong></span> <span class='ocrx_word' id='word_1_88' title='bbox 1110 3169 1237 3240; x_wconf 85' lang='lat' dir='ltr'><strong>eodem</strong></span> 
     </span>
     <span class='ocr_line' id='line_1_15' title="bbox 184 3296 309 3355; baseline 0.016 -2"><span class='ocrx_word' id='word_1_89' title='bbox 184 3296 309 3355; x_wconf 69' lang='lat' dir='ltr'><strong>annot.</strong></span> 
     </span>
    </p>

    <p class='ocr_par' dir='ltr' id='par_1_6' title="bbox 477 3414 945 3478">
     <span class='ocr_line' id='line_1_16' title="bbox 477 3414 945 3478; baseline -0.006 0"><span class='ocrx_word' id='word_1_90' title='bbox 477 3417 566 3478; x_wconf 75' lang='lat' dir='ltr'><strong>Icus.</strong></span> <span class='ocrx_word' id='word_1_91' title='bbox 581 3414 693 3476; x_wconf 73' lang='lat' dir='ltr'><strong>Altera·</strong></span> <span class='ocrx_word' id='word_1_92' title='bbox 707 3415 840 3476; x_wconf 76' lang='lat' dir='ltr'><strong>Fabricii</strong></span> <span class='ocrx_word' id='word_1_93' title='bbox 854 3415 945 3477; x_wconf 72' lang='lat' dir='ltr'><strong>Note.</strong></span> 
     </span>
    </p>
   </div>
   <div class='ocr_carea' id='block_1_5' title="bbox 182 3528 1276 4562">
    <p class='ocr_par' dir='ltr' id='par_1_7' title="bbox 185 3528 1236 3802">
     <span class='ocr_line' id='line_1_17' title="bbox 226 3528 1235 3608; baseline 0.002 -20"><span class='ocrx_word' id='word_1_94' title='bbox 226 3539 242 3572; x_wconf 81' lang='lat'>⁸</span> <span class='ocrx_word' id='word_1_95' title='bbox 255 3529 328 3588; x_wconf 90' lang='lat' dir='ltr'><strong>Non</strong></span> <span class='ocrx_word' id='word_1_96' title='bbox 342 3531 514 3591; x_wconf 81' lang='lat' dir='ltr'><strong>rhetoricam</strong></span> <span class='ocrx_word' id='word_1_97' title='bbox 533 3530 606 3590; x_wconf 88' lang='lat' dir='ltr'><strong>adeo</strong></span> <span class='ocrx_word' id='word_1_98' title='bbox 622 3530 654 3588; x_wconf 92' lang='lat' dir='ltr'><strong>iu</strong></span> <span class='ocrx_word' id='word_1_99' title='bbox 672 3528 778 3589; x_wconf 88' lang='lat' dir='ltr'><strong>scholis</strong></span> <span class='ocrx_word' id='word_1_100' title='bbox 791 3529 934 3601; x_wconf 82' lang='lat' dir='ltr'><strong>docuisse,</strong></span> <span class='ocrx_word' id='word_1_101' title='bbox 949 3549 1036 3608; x_wconf 87' lang='lat' dir='ltr'><strong>quam</strong></span> <span class='ocrx_word' id='word_1_102' title='bbox 1055 3529 1087 3589; x_wconf 92' lang='lat' dir='ltr'><strong>in</strong></span> <span class='ocrx_word' id='word_1_103' title='bbox 1105 3531 1170 3590; x_wconf 82' lang='lat' dir='ltr'><strong>foro</strong></span> <span class='ocrx_word' id='word_1_104' title='bbox 1183 3551 1235 3590; x_wconf 79' lang='lat' dir='ltr'><strong>ex·</strong></span> 
     </span>
     <span class='ocr_line' id='line_1_18' title="bbox 185 3625 1236 3708; baseline 0.003 -24"><span class='ocrx_word' id='word_1_105' title='bbox 185 3626 311 3686; x_wconf 72' lang='lat' dir='ltr'><strong>mouisse</strong></span> <span class='ocrx_word' id='word_1_106' title='bbox 325 3625 490 3707; x_wconf 80' lang='lat' dir='ltr'><strong>Cyprianus</strong></span> <span class='ocrx_word' id='word_1_107' title='bbox 507 3625 633 3687; x_wconf 85' lang='lat' dir='ltr'><strong>videtur.</strong></span> <span class='ocrx_word' id='word_1_108' title='bbox 675 3625 784 3686; x_wconf 73' lang='lat' dir='ltr'><strong>Conlm</strong></span> <span class='ocrx_word' id='word_1_109' title='bbox 802 3645 868 3705; x_wconf 77' lang='lat' dir='ltr'><strong>qun</strong></span> <span class='ocrx_word' id='word_1_110' title='bbox 888 3627 951 3707; x_wconf 86' lang='lat' dir='ltr'><strong>ipsa</strong></span> <span class='ocrx_word' id='word_1_111' title='bbox 969 3625 1007 3687; x_wconf 83' lang='lat' dir='ltr'><strong>(le</strong></span> <span class='ocrx_word' id='word_1_112' title='bbox 1025 3647 1056 3686; x_wconf 85' lang='lat' dir='ltr'><strong>ss</strong></span> <span class='ocrx_word' id='word_1_113' title='bbox 1070 3627 1236 3708; x_wconf 79' lang='lat' dir='ltr'><strong>Cyprianus</strong></span> 
     </span>
     <span class='ocr_line' id='line_1_19' title="bbox 185 3721 821 3802; baseline 0.003 -22"><span class='ocrx_word' id='word_1_114' title='bbox 185 3721 260 3782; x_wconf 85' lang='lat' dir='ltr'><strong>libro</strong></span> <span class='ocrx_word' id='word_1_115' title='bbox 274 3721 310 3782; x_wconf 86' lang='lat' dir='ltr'><strong>ad</strong></span> <span class='ocrx_word' id='word_1_116' title='bbox 325 3725 486 3796; x_wconf 88' lang='lat' dir='ltr'><strong>Donatum,</strong></span> <span class='ocrx_word' id='word_1_117' title='bbox 501 3744 560 3783; x_wconf 90' lang='lat' dir='ltr'><strong>non</strong></span> <span class='ocrx_word' id='word_1_118' title='bbox 574 3723 661 3802; x_wconf 80' lang='lat' dir='ltr'><strong>longe</strong></span> <span class='ocrx_word' id='word_1_119' title='bbox 676 3726 712 3784; x_wconf 87' lang='lat' dir='ltr'><strong>ab</strong></span> <span class='ocrx_word' id='word_1_120' title='bbox 726 3724 821 3784; x_wconf 87' lang='lat' dir='ltr'><strong>initio.</strong></span> 
     </span>
    </p>

    <p class='ocr_par' dir='ltr' id='par_1_8' title="bbox 182 3819 1276 4482">
     <span class='ocr_line' id='line_1_20' title="bbox 227 3819 1234 3892; baseline 0.002 -12"><span class='ocrx_word' id='word_1_121' title='bbox 227 3819 516 3892; x_wconf 71' lang='lat' dir='ltr'><strong>l&#39;Quemadmodum</strong></span> <span class='ocrx_word' id='word_1_122' title='bbox 544 3821 641 3881; x_wconf 88' lang='lat' dir='ltr'><strong>liberti</strong></span> <span class='ocrx_word' id='word_1_123' title='bbox 670 3820 739 3880; x_wconf 86' lang='lat' dir='ltr'><strong>olim</strong></span> <span class='ocrx_word' id='word_1_124' title='bbox 765 3841 782 3879; x_wconf 89' lang='lat' dir='ltr'><strong>a</strong></span> <span class='ocrx_word' id='word_1_125' title='bbox 809 3819 935 3881; x_wconf 85' lang='lat' dir='ltr'><strong>dominis</strong></span> <span class='ocrx_word' id='word_1_126' title='bbox 958 3821 1234 3882; x_wconf 81' lang='lat' dir='ltr'><strong>manumittentibus</strong></span> 
     </span>
     <span class='ocr_line' id='line_1_21' title="bbox 184 3915 1233 3998; baseline 0 -22"><span class='ocrx_word' id='word_1_127' title='bbox 184 3917 316 3976; x_wconf 82' lang='lat' dir='ltr'><strong>solebant</strong></span> <span class='ocrx_word' id='word_1_128' title='bbox 330 3930 554 3996; x_wconf 79' lang='lat' dir='ltr'><strong>cognomentum</strong></span> <span class='ocrx_word' id='word_1_129' title='bbox 569 3917 737 3986; x_wconf 70' lang='grc' dir='ltr'>ιιᾶιιίιωιο,</span> <span class='ocrx_word' id='word_1_130' title='bbox 752 3918 794 3976; x_wconf 89' lang='lat' dir='ltr'><strong>sic</strong></span> <span class='ocrx_word' id='word_1_131' title='bbox 808 3917 973 3998; x_wconf 81' lang='lat' dir='ltr'><strong>Cyprianus</strong></span> <span class='ocrx_word' id='word_1_132' title='bbox 990 3915 1141 3977; x_wconf 71' lang='lat' dir='ltr'><strong>aCnoilio</strong></span> <span class='ocrx_word' id='word_1_133' title='bbox 1153 3937 1233 3996; x_wconf 89' lang='lat' dir='ltr'><strong>pres·</strong></span> 
     </span>
     <span class='ocr_line' id='line_1_22' title="bbox 184 4012 1234 4093; baseline -0.001 -19"><span class='ocrx_word' id='word_1_134' title='bbox 184 4015 287 4093; x_wconf 83' lang='lat' dir='ltr'><strong>hytero</strong></span> <span class='ocrx_word' id='word_1_135' title='bbox 314 4013 546 4092; x_wconf 75' lang='lat' dir='ltr'><strong>Carthaginiensi</strong></span> <span class='ocrx_word' id='word_1_136' title='bbox 572 4012 735 4073; x_wconf 83' lang='lat' dir='ltr'><strong>vindicatus</strong></span> <span class='ocrx_word' id='word_1_137' title='bbox 759 4034 795 4074; x_wconf 85' lang='lat' dir='ltr'><strong>ex</strong></span> <span class='ocrx_word' id='word_1_138' title='bbox 823 4015 996 4074; x_wconf 87' lang='lat' dir='ltr'><strong>ethnicismo</strong></span> <span class='ocrx_word' id='word_1_139' title='bbox 1023 4015 1053 4072; x_wconf 92' lang='lat' dir='ltr'><strong>in</strong></span> <span class='ocrx_word' id='word_1_140' title='bbox 1076 4014 1172 4074; x_wconf 87' lang='lat' dir='ltr'><strong>lucem</strong></span> <span class='ocrx_word' id='word_1_141' title='bbox 1200 4034 1234 4073; x_wconf 86' lang='lat' dir='ltr'><strong>so</strong></span> 
     </span>
     <span class='ocr_line' id='line_1_23' title="bbox 183 4108 1276 4188; baseline 0 -19"><span class='ocrx_word' id='word_1_142' title='bbox 183 4111 348 4170; x_wconf 81' lang='lat' dir='ltr'><strong>libertatem</strong></span> <span class='ocrx_word' id='word_1_143' title='bbox 377 4111 581 4179; x_wconf 86' lang='lat' dir='ltr'><strong>Christianam,</strong></span> <span class='ocrx_word' id='word_1_144' title='bbox 609 4109 744 4168; x_wconf 83' lang='lat' dir='ltr'><strong>Cseeilius</strong></span> <span class='ocrx_word' id='word_1_145' title='bbox 768 4111 964 4188; x_wconf 79' lang='lat' dir='ltr'><strong>cognominari</strong></span> <span class='ocrx_word' id='word_1_146' title='bbox 988 4108 1141 4188; x_wconf 75' lang='lat' dir='ltr'><strong>gaudebat.</strong></span> <span class='ocrx_word' id='word_1_147' title='bbox 1184 4109 1233 4170; x_wconf 79' lang='lat' dir='ltr'><strong>Do</strong></span> <span class='ocrx_word' id='word_1_148' title='bbox 1269 4165 1276 4182; x_wconf 61' lang='grc'><strong>,</strong></span> 
     </span>
     <span class='ocr_line' id='line_1_24' title="bbox 183 4205 1232 4286; baseline 0 -20"><span class='ocrx_word' id='word_1_149' title='bbox 183 4206 302 4266; x_wconf 65' lang='lat' dir='ltr'><strong>Caecilio</strong></span> <span class='ocrx_word' id='word_1_150' title='bbox 316 4206 367 4265; x_wconf 92' lang='lat' dir='ltr'><strong>illo</strong></span> <span class='ocrx_word' id='word_1_151' title='bbox 376 4207 442 4266; x_wconf 83' lang='lat' dir='ltr'><strong>vide</strong></span> <span class='ocrx_word' id='word_1_152' title='bbox 453 4205 530 4265; x_wconf 81' lang='lat' dir='ltr'><strong>Aeta</strong></span> <span class='ocrx_word' id='word_1_153' title='bbox 539 4205 671 4264; x_wconf 85' lang='lat' dir='ltr'><strong>Sanctor.</strong></span> <span class='ocrx_word' id='word_1_154' title='bbox 686 4223 716 4280; x_wconf 82' lang='lat'><strong>3.</strong></span> <span class='ocrx_word' id='word_1_155' title='bbox 727 4205 748 4262; x_wconf 79' lang='lat' dir='ltr'>J</span> <span class='ocrx_word' id='word_1_156' title='bbox 751 4205 812 4263; x_wconf 89' lang='lat' dir='ltr'><strong>unii</strong></span> <span class='ocrx_word' id='word_1_157' title='bbox 823 4217 895 4264; x_wconf 89' lang='lat' dir='ltr'><strong>tom.</strong></span> <span class='ocrx_word' id='word_1_158' title='bbox 905 4207 932 4265; x_wconf 91' lang='lat'><strong>1.</strong></span> <span class='ocrx_word' id='word_1_159' title='bbox 948 4227 976 4286; x_wconf 91' lang='lat' dir='ltr'><strong>p.</strong></span> <span class='ocrx_word' id='word_1_160' title='bbox 989 4223 1056 4280; x_wconf 83' lang='lat'>270.</span> <span class='ocrx_word' id='word_1_161' title='bbox 1071 4207 1118 4266; x_wconf 78' lang='lat' dir='ltr'><strong>Ad</strong></span> <span class='ocrx_word' id='word_1_162' title='bbox 1130 4207 1232 4267; x_wconf 88' lang='lat' dir='ltr'><strong>Chris·</strong></span> 
     </span>
     <span class='ocr_line' id='line_1_25' title="bbox 182 4300 1233 4384; baseline -0.001 -20"><span class='ocrx_word' id='word_1_163' title='bbox 182 4304 278 4364; x_wconf 85' lang='lat' dir='ltr'><strong>tianos</strong></span> <span class='ocrx_word' id='word_1_164' title='bbox 291 4305 443 4364; x_wconf 77' lang='lat' dir='ltr'><strong>accessisse</strong></span> <span class='ocrx_word' id='word_1_165' title='bbox 457 4305 485 4362; x_wconf 90' lang='lat' dir='ltr'><strong>S.</strong></span> <span class='ocrx_word' id='word_1_166' title='bbox 498 4302 663 4384; x_wconf 89' lang='lat' dir='ltr'><strong>Cyprianus</strong></span> <span class='ocrx_word' id='word_1_167' title='bbox 674 4300 790 4360; x_wconf 77' lang='lat' dir='ltr'><strong>videtur</strong></span> <span class='ocrx_word' id='word_1_168' title='bbox 801 4305 839 4360; x_wconf 83' lang='lat' dir='ltr'><strong>A.</strong></span> <span class='ocrx_word' id='word_1_169' title='bbox 849 4301 883 4360; x_wconf 90' lang='lat' dir='ltr'><strong>C.</strong></span> <span class='ocrx_word' id='word_1_170' title='bbox 896 4303 964 4378; x_wconf 81' lang='lat'>246.</span> <span class='ocrx_word' id='word_1_171' title='bbox 980 4303 1055 4363; x_wconf 88' lang='lat' dir='ltr'><strong>utin</strong></span> <span class='ocrx_word' id='word_1_172' title='bbox 1066 4301 1233 4363; x_wconf 79' lang='lat' dir='ltr'><strong>Annalibus</strong></span> 
     </span>
     <span class='ocr_line' id='line_1_26' title="bbox 182 4395 830 4482; baseline -0.008 -22"><span class='ocrx_word' id='word_1_173' title='bbox 182 4401 364 4482; x_wconf 86' lang='lat' dir='ltr'><strong>Cyprianicis</strong></span> <span class='ocrx_word' id='word_1_174' title='bbox 378 4401 489 4482; x_wconf 78' lang='lat' dir='ltr'><strong>colligit</strong></span> <span class='ocrx_word' id='word_1_175' title='bbox 502 4401 633 4460; x_wconf 80' lang='lat' dir='ltr'><strong>loannes</strong></span> <span class='ocrx_word' id='word_1_176' title='bbox 647 4395 830 4459; x_wconf 82' lang='lat' dir='ltr'><strong>Pearsonius.</strong></span> 
     </span>
    </p>

    <p class='ocr_par' dir='ltr' id='par_1_9' title="bbox 675 4499 783 4562">
     <span class='ocr_line' id='line_1_27' title="bbox 675 4499 783 4562; baseline 0 -1"><span class='ocrx_word' id='word_1_177' title='bbox 675 4519 701 4560; x_wconf 86' lang='grc' dir='ltr'><strong>ιι</strong></span> <span class='ocrx_word' id='word_1_178' title='bbox 715 4519 747 4562; x_wconf 87' lang='lat' dir='ltr'><strong>m</strong></span> <span class='ocrx_word' id='word_1_179' title='bbox 761 4499 783 4560; x_wconf 79' lang='lat'><em>2</em></span> 
     </span>
    </p>
   </div>
   <div class='ocr_carea' id='block_1_6' title="bbox 0 0 1662 5190">
    <p class='ocr_par' dir='ltr' id='par_1_10' title="bbox 0 0 1662 5190">
     <span class='ocr_line' id='line_1_28' title="bbox 0 0 1662 5190; baseline 0 7"><span class='ocrx_word' id='word_1_180' title='bbox 0 0 1662 5190; x_wconf 95' lang='lat' dir='ltr'><strong> </strong></span> 
     </span>
    </p>
   </div>
  </div>
 </body>
</html>
