3316 5198
404 431 467 499 106
757 433 1096 502 TERTULLIANI

401 609 568 680 orationis
593 610 783 700 instruxit!
809 619 851 682 ut
868 621 948 705 post
965 612 1132 697 coelcstia,
1150 613 1186 684 id
1210 622 1266 686 est
1283 623 1363 707 post
1382 614 1452 687 Dei

401 747 541 809 nomen,
576 724 647 796 Dei
681 725 913 810 voluntatem,
944 738 982 800 et
1012 728 1081 799 Dei
1112 753 1271 824 regnum,
1303 732 1452 802 terrenis

400 863 541 935 quoque
558 844 828 915 necessitatibus
845 845 1009 938 petitioni
1023 842 1116 939 (sor.
1130 847 1318 940 petitione)
1332 846 1450 917 locum

400 959 553 1030 faceret!
589 959 686 1030 Nam
716 969 754 1030 et
779 961 938 1032 edixerat
969 959 1145 1032 Dominus
1168 961 1293 1051 (Matt.
1312 964 1356 1032 vi.
1376 966 1450 1054 33.)

401 1073 555 1165 ῼυωήιθ
577 1076 682 1171 prius
711 1099 863 1173 reprom,
887 1085 919 1148 et
944 1085 1025 1148 tunc
1053 1076 1145 1149 vole
1168 1079 1271 1149 etium
1294 1075 1367 1149 lroec
1389 1076 1475 1159 aas

388 1191 569 1284 jicientar.
639 1192 863 1284 Quamquam
897 1213 1023 1263 ranan
1067 1213 1238 1265 nomon
1280 1214 1451 1272 onomar-

398 1329 506 1380 nuuu
536 1329 586 1378 un
613 1329 720 1380 noers
750 1329 875 1391 rioms,
899 1308 1104 1402 spiritaliter
1128 1311 1247 1403 potius
1272 1310 1449 1405 intellige·

398 1447 488 1496 mus.
545 1425 707 1496 Christus
741 1426 836 1494 euim
871 1427 971 1518 panis
1005 1436 1126 1497 noster
1158 1435 1223 1509 est,
1259 1427 1341 1519 quia
1374 1429 1450 1497 vita

398 1541 570 1624 Christus,
600 1549 638 1612 et
668 1541 741 1611 vita
774 1540 874 1632 panis
901 1537 993 1635 (sor.
1024 1542 1105 1612 vitae
1135 1543 1245 1635 panis.
1279 1540 1447 1637 Sedete).

396 1656 474 1754 Epo
499 1681 584 1742 sum,
608 1657 980 1751 inquietiones)
1002 1658 1109 1752 ponis
1134 1659 1223 1729 vitre.
1275 1657 1324 1728 Et
1340 1658 1446 1752 paulo
1461 1686 1496 1725 ro

397 1795 510 1867 supra,
540 1773 654 1844 Panis
683 1783 733 1844 est
758 1771 882 1845 Sermo
911 1770 983 1842 Dei
1012 1773 1092 1856 vivi,
1116 1774 1178 1868 qui
1204 1772 1376 1845 descendit
1405 1771 1446 1842 dc

396 1889 498 1960 ooelis.
549 1890 641 1959 Tum
658 1891 752 1982 quod
774 1898 812 1960 et
828 1912 954 1982 corpus
980 1891 1056 1982 ejus
1082 1892 1233 1984 inpane
1259 1899 1444 1962 censetur:

395 2003 477 2076 Hoc
509 2013 558 2076 est
595 2027 719 2099 corpas
756 2029 867 2074 meum
902 2003 1006 2093 (Luc.
1041 2008 1127 2076 xxii.
1164 2011 1248 2100 19.).
1318 2006 1445 2098 Itaque

395 2122 550 2215 petendo
571 2143 699 2214 panem
721 2121 977 2214 quotidianum,
995 2124 1271 2215 perpetuitatem
1289 2122 1445 2217 postula·

394 2260 474 2308 mus
503 2239 540 2308 in
571 2237 722 2320 Christo,
753 2247 790 2307 et
817 2237 1104 2309 individuitatem
1134 2261 1156 2310 a
1184 2262 1330 2333 corpore
1356 2240 1442 2330 ejus.
1456 2269 1489 2330 15

396 2353 523 2424 Sedet
545 2355 628 2445 quia
651 2352 839 2423 carnaliter
861 2354 1064 2424 admittitur
1086 2357 1153 2426 ista
1171 2379 1252 2439 vox,
1270 2379 1341 2426 non
1367 2356 1442 2426 sine

394 2469 563 2562 religione
596 2475 714 2560 potest
743 2469 829 2551 fieri,
864 2478 902 2539 et
929 2469 1094 2562 spiritalis
1128 2470 1319 2564 disciplina
1349 2468 1441 2565 (for.

394 2585 541 2678 spiritali
558 2583 767 2676 disciplina).
820 2583 955 2656 Panem
973 2587 1068 2656 enim
1082 2588 1156 2678 peti
1174 2587 1328 2667 mandat,
1347 2587 1442 2678 quod

393 2701 508 2772 solum
525 2700 688 2770 fidelibus
704 2702 942 2772 necessarium
959 2708 1033 2782 est;
1051 2709 1160 2771 cetera
1177 2701 1267 2772 enim
1286 2701 1441 2772 natiorwa

391 2817 583 2910 requirunt.
636 2817 694 2887 Ita
727 2827 764 2888 et
794 2818 966 2910 exemplis
999 2816 1165 2900 inculcat,
1195 2826 1234 2887 et
1266 2816 1441 2909 parabolis
1452 2847 1490 2887 20

391 2942 569 3015 retractat,
596 2957 706 3025 quum
737 2935 841 3005 dicit:
870 2933 1056 3025 Numquid
1082 2956 1210 3025 panem
1237 2933 1317 3004 filiis
1339 2942 1442 3025 pater

390 3050 515 3132 aufert,
546 3059 584 3120 et
613 3051 758 3120 canibus
785 3051 923 3122 tradit?
954 3049 1080 3139 (Matt.
1108 3072 1166 3120 xv.
1194 3048 1268 3143 26.)
1321 3049 1438 3120 Item:

389 3162 572 3259 Numquid
610 3164 693 3260 filio
734 3189 861 3261 ponem
903 3165 1060 3260 poscenti
1101 3163 1250 3259 lapidem
1293 3165 1440 3236 tradit?

390 3279 515 3364 (Matt.
542 3283 600 3352 vii.
627 3286 677 3376 9.)
728 3282 898 3354 Ostendit
931 3283 1036 3362 euim,
1067 3282 1151 3373 quid
1186 3304 1208 3351 a
1240 3290 1341 3372 patre
1374 3281 1437 3351 filii

389 3405 591 3489 expectent.
644 3397 715 3469 Sed
744 3408 782 3468 et
810 3405 1003 3468 nectamus
1032 3396 1093 3467 ille
1120 3397 1280 3489 pulsator
1309 3421 1437 3490 panem
1450 3432 1485 3492 25

388 3513 556 3603 poscebat
573 3512 676 3603 (Luc.
702 3515 750 3583 xi.
776 3519 836 3604 5.).
890 3511 1025 3582 Merito
1051 3522 1171 3582 autem
1200 3514 1349 3604 adjecit:
1377 3511 1439 3582 Da

386 3626 484 3698 nobis
509 3625 618 3711 laodic,
646 3638 688 3699 ut
710 3629 771 3721 qui
798 3629 1032 3720 premiserat:
1061 3627 1185 3698 Nolite
1213 3629 1258 3698 de
1283 3629 1437 3698 crastino

387 3745 543 3838 cogitare
556 3746 640 3837 quid
653 3745 767 3815 edatis
778 3743 881 3831 (Luc.
893 3745 954 3814 xii.
967 3746 1052 3837 29.)
1079 3743 1147 3814 cui
1165 3745 1215 3814 rei
1233 3741 1435 3836 parabolam

386 3883 526 3954 quoque
543 3861 823 3932 accommodavit
844 3859 938 3930 illius
963 3860 1125 3943 hominis,
1144 3861 1205 3952 qui
1227 3861 1437 3952 provenien-

386 3976 481 4046 tibus
508 3977 681 4048 fructibus
708 3976 972 4069 ampliationem
1006 3975 1223 4058 horreorum,
1253 3983 1290 4045 et
1321 3974 1484 4069 longae30

386 4095 584 4166 securitatis
602 4095 715 4188 spatia
731 4093 921 4188 cogitavit:
948 4093 979 4162 is
995 4093 1071 4185 ipsa
1087 4101 1193 4163 nocte
1210 4093 1370 4162 moritur.

221 4229 375 4282 onnvn.
436 4208 663 4303 Consequens
700 4219 777 4281 erat
810 4219 852 4280 ut
885 4209 1072 4280 observata
1105 4207 1174 4279 Dei
1209 4208 1433 4292 liberalitate,

384 4324 493 4394 etiam
535 4325 761 4396 clementiam
804 4326 881 4417 ejus
923 4345 1174 4416 precaremur;
1217 4325 1301 4417 quid
1336 4325 1432 4395 enim
