3314 5190
263 429 315 494 IN
332 429 364 494 S.
382 425 619 493 CYPRIANI
635 427 700 490 DE
717 423 1090 490 MORTALITATE.
1143 423 1208 486 343

161 601 393 666 Tertullianum
416 621 453 662 su
476 620 514 662 ra
535 597 678 673 allatum,
705 597 862 661 Omsnitnt.
879 599 986 680 Apost.
1009 595 1063 659 vii.
1088 613 1118 680 3.
1152 594 1206 657 Fr.

161 687 309 752 Balduin.
326 686 363 750 ds
378 621 508 770 Lepilns
525 684 714 748 Constantini
724 685 773 747 M.
788 683 843 746 lib.
861 680 906 744 ll.
923 705 954 765 p.
969 700 1040 765 209.
1057 681 1106 744 ed.
1122 679 1206 765 Lips.

162 774 320 858 Optatum
341 773 378 836 de
400 771 564 834 Solisnrote
586 770 740 833 Donatist.
762 769 816 832 lib.
840 767 886 830 Il.
910 790 936 831 c.
957 785 1005 830 22.
1030 790 1060 852 p.
1076 783 1130 850 45.
1157 765 1208 828 ed.

161 858 280 944 Dupin.
304 859 337 922 S.
354 855 543 1006 Gresgorium
566 857 643 920 Nan.
660 855 800 939 Epicteti
816 871 889 934 219.
934 853 1086 917 conferas
1110 857 1143 915 et
1168 851 1208 914 de

162 945 273 1009 eadem
296 966 330 1009 re
353 943 387 1006 S.
433 942 582 1027 cripturae
604 941 699 1017 locos,
722 962 801 1025 quor
822 940 873 1004 bio
896 940 1087 1015 memorabo,
1110 940 1207 1021 Apoc.

163 1033 241 1094 x.6.
258 1028 390 1094 Hebri.
410 1030 458 1104 16,
479 1048 527 1107 17.
549 1048 560 1090 1
584 1027 720 1090 Theseu.
738 1043 787 1106 27.

207 1115 290 1179 lbid.
307 1115 329 1177 l.
346 1132 396 1199 25.
422 1121 455 1177 et
470 1113 609 1177 delectat
624 1113 674 1175 hio
691 1111 763 1197 Sto]
778 1111 1019 1191 Ἐρωτηματικῶς
1034 1109 1175 1195 legenda.

206 1201 245 1266 P.
262 1202 333 1264 280.
350 1200 371 1262 l.
387 1218 435 1282 23.
463 1199 624 1263 Christum
646 1197 842 1262 credentium
863 1196 1066 1282 magistrum]
1092 1194 1208 1280 Vulgo,

165 1287 319 1353 Clusinos
342 1285 525 1348 credentirnn
549 1285 720 1347 Dominum
744 1293 778 1347 ct
806 1283 994 1366 nsopistrnm.
1049 1281 1112 1345 Sed
1136 1304 1210 1345 vero

164 1371 376 1437 nescientibus
395 1371 455 1434 hoo
477 1371 731 1434 additamentum
754 1377 821 1432 tam
847 1368 1038 1432 editionibus
1060 1369 1210 1453 (lypriaui

163 1457 399 1529 vetustioribus,
411 1479 506 1540 quam
520 1456 609 1519 libris
624 1454 759 1540 scriptis,
777 1476 855 1539 quos
870 1455 937 1540 ipso
952 1453 1080 1522 contuli.
1093 1465 1211 1540 praeter

165 1544 244 1608 alios
266 1565 388 1620 novem,
412 1564 546 1626 quorum
568 1541 705 1605 varietas
725 1542 758 1604 iu
777 1540 853 1605 edit.
870 1542 973 1606 Oxou.
989 1540 1130 1604 adducta
1150 1549 1209 1617 est,

165 1631 250 1694 idem
274 1628 361 1692 istud
384 1627 531 1712 expunxi.
578 1627 678 1691 Simili
702 1628 742 1691 de
765 1649 861 1691 causa
876 1649 983 1691 vocem
1004 1627 1116 1691 scilicet
1138 1633 1212 1712 post

163 1716 269 1780 ἅοσονιε
281 1714 336 1778 lin.
349 1733 399 1794 27.
422 1713 588 1778 delendam
603 1712 719 1777 censui.
765 1714 855 1777 Idem
874 1735 970 1798 porro
992 1721 1127 1797 utroque
1142 1713 1211 1778 loco

164 1802 197 1865 in
208 1800 346 1866 editione
357 1821 458 1884 nuper
471 1799 591 1863 factum
607 1822 675 1863 esse
690 1799 781 1864 video
793 1803 825 1864 S.
838 1801 989 1886 anrioni
1003 1798 1212 1883 Epi-stolorum

164 1887 210 1951 od
235 1888 392 1969 Monyris
413 1894 441 1948 et
466 1885 656 1968 (irascereris,
682 1885 716 1947 in
745 1908 831 1949 mons
857 1887 1062 1970 Omisessonnnr
1087 1885 1213 1948 molosia

168 1972 339 2038 Gallicam
357 1971 457 2035 Lond.
473 1988 564 2053 ¹792·
610 1970 675 2034 Ubi
690 1971 766 2035 edit.
779 1972 990 2035 Oxoniensem
1013 1979 1155 2035 secutum
1178 1993 1212 2035 se

166 2081 244 2136 esse,
268 2058 324 2122 sed
342 2065 451 2122 tumen
473 2057 633 2120 variantes
655 2055 806 2121 lectiones
829 2057 931 2121 sidem
953 2057 1113 2141 subjectas
1136 2078 1212 2120 nou-

166 2165 328 2228 nunquam
342 2142 498 2228 selegisse,
513 2142 618 2205 editor
631 2141 809 2226 profitetur.

211 2230 248 2293 P.
261 2232 332 2296 281.
347 2229 367 2293 l.
382 2248 432 2292 20.
448 2236 481 2292 et
497 2228 519 2292 S
541 2228 634 2292 iritus
649 2250 707 2291 nos
721 2229 875 2312 perducat
890 2227 930 2292 ad
943 2228 1048 2292 Deum
1064 2229 1211 2315 Patrem]

166 2317 211 2380 Er
228 2316 365 2380 annuo
378 2335 430 2377 nos
444 2335 506 2399 por
528 2323 599 2377 noct
617 2314 663 2377 od
674 2315 776 2377 Donni
792 2316 929 2379 Patren.
974 2315 1026 2378 Sic
1049 2314 1158 2399 scripsi
1173 2337 1213 2378 ex

167 2401 230 2466 fide
244 2409 383 2486 quatuor
396 2408 539 2464 veterum
554 2399 780 2484 exemplarium
796 2422 855 2486 pro
868 2422 907 2463 eo
921 2401 1006 2484 quod
1021 2409 1118 2466 antea
1132 2401 1213 2486 lege-

167 2488 265 2552 batur
279 2486 426 2572 Spiritus.
474 2487 514 2548 ln
529 2485 652 2550 duobus
672 2493 780 2550 autern
795 2508 835 2549 ex
850 2485 888 2550 iis
903 2493 1041 2570 quatuor
1055 2487 1215 2552 codicibus

168 2573 321 2659 scriptum
341 2578 390 2636 est
407 2570 546 2636 Clristnr
561 2593 599 2636 eo
618 2571 713 2636 modo
728 2594 791 2656 quo
831 2595 866 2636 er
880 2573 1100 2658 compendium
1116 2595 1214 2658 quan·

169 2659 272 2742 doque
287 2658 367 2722 solet
382 2656 476 2720 scribi
491 2657 638 2741 Spiritus,
655 2665 688 2721 et
703 2680 800 2743 supra
809 2595 928 2722 lincam
944 2660 1096 2743 scriptum
1111 2668 1161 2724 est
1172 2659 1218 2723 vel

169 2743 316 2828 Spiritu.
362 2742 465 2806 Porro
487 2765 571 2826 saepe
593 2742 625 2806 in
647 2743 787 2828 antiquis
813 2745 974 2809 codicibus
992 2745 1216 2830 manuscriptis

170 2851 189 2892 ο
230 2849 301 2890 rum
316 2827 417 2890 sancti
433 2827 582 2926 Cypriani
604 2835 638 2892 et
652 2828 786 2891 aliorum
803 2835 944 2894 veterum
962 2831 1151 2917 scriptorum
1167 2853 1216 2895 ec-

170 2913 417 2978 cesiasticorum
432 2912 495 2976 vidi
511 2913 664 2998 scriptum
679 2914 818 2997 Spiritu
837 2937 896 2999 pro
913 2916 1049 2979 Olristns
1063 2924 1096 2981 et
1111 2937 1129 2980 e
1143 2938 1216 2979 oon-

170 3021 271 3076 vorso,
287 2997 430 3082 inprimis
445 3019 519 3060 vero
533 2998 620 3082 apud
642 3007 806 3062 auctorem
820 3000 892 3062 libri
907 3001 947 3063 do
963 3000 1215 3086 Rebaptismate,

171 3084 226 3170 qui
240 3106 312 3169 pag.
327 3085 402 3169 364.
419 3082 557 3146 referens
573 3083 674 3146 locum
695 3105 734 3146 ex
750 3084 896 3168 Epistola
915 3086 1019 3169 prima
1032 3087 1056 3150 J
1058 3087 1169 3150 oannis
1184 3086 1217 3149 in

98 3215 105 3230 .
192 3193 234 3235 uo
257 3170 285 3233 le
309 3170 373 3233 'tur
397 3167 534 3231 otiosas
554 3177 596 3232 en
618 3169 730 3232 ceritas
751 3170 857 3254 posuit
879 3171 1018 3254 Spiritus
1033 3183 1074 3236 est
1095 3173 1217 3236 veritus.

171 3195 245 3322 Soio
268 3192 429 3320 Sanum
455 3253 530 3318 alibi
558 3253 661 3318 vocari
685 3255 850 3340 Spiritum,
873 3257 970 3320 etiam
1000 3259 1086 3344 apud
1108 3257 1217 3344 Cypri·

172 3363 277 3407 anum.
323 3341 387 3405 Sed
402 3361 474 3404 cum
488 3339 662 3404 habeamus
676 3340 771 3406 aliam
786 3341 953 3406 lectionem
967 3343 1148 3420 faciliorem,
1165 3366 1217 3408 ue-

172 3450 259 3493 cesse
274 3449 337 3490 non
352 3433 401 3490 est
416 3446 487 3490 eam
507 3425 643 3490 retinere
659 3449 730 3511 quae
744 3435 853 3511 potest
867 3429 985 3494 habere
1000 3430 1219 3494 difficultatem

173 3521 207 3579 et
230 3513 379 3578 inducere
404 3511 643 3576 obscuritatem.
687 3513 768 3578 Haeo
794 3513 962 3578 anuzrus.
1014 3517 1063 3580 At
1087 3523 1220 3601 propter

173 3597 396 3665 antecedentia
411 3597 508 3661 verba
522 3604 659 3661 veterem
669 3599 782 3662 reduxi
796 3599 973 3679 lectionem,
988 3623 1059 3686 quse
1074 3603 1220 3666 fimatur

174 3685 301 3770 scriptis
323 3683 492 3760 codicibus,
509 3705 588 3766 quoe
610 3682 717 3760 sciam,
734 3685 879 3752 omnibus
924 3695 1020 3751 raeter
1037 3710 1156 3772 paucos
1179 3711 1219 3752 ex

174 3772 246 3920 plus
271 3769 405 3856 triginta
431 3768 618 3833 Boluzianis.
675 3771 865 3850 Quinetiam,
891 3709 922 3836 d

187 3879 279 3922 ocum
309 3862 423 3930 mutat,
455 3854 572 3918 oblitus
597 3862 646 3919 est
675 3856 723 3919 vir
751 3857 952 3924 doctissimus
984 3859 1113 3923 canonis
1141 3861 1222 3925 artis

175 3943 304 4019 critica,
321 3939 374 4025 qui
389 3939 612 4017 obscuriorem,
625 3943 818 4028 caeteroquin
833 3945 977 4028 probam,
993 3945 1160 4010 lectionem
1171 3947 1221 4031 ju·

175 4029 232 4092 bet
247 4050 304 4091 nos
319 4026 480 4112 amplecti.

221 4115 259 4178 P.
277 4112 374 4176 2821
400 4132 432 4197 3.
455 4111 614 4197 scriptura
635 4111 749 4190 divina,
766 4113 873 4179 dicens
896 4117 968 4200 bc]
993 4117 1121 4183 Videsis
1141 4117 1223 4182 infra

177 4221 248 4349 (pige
271 4199 311 4262 de
340 4198 410 4366 ho}
429 4198 511 4262 libro
533 4198 742 4348 Eglesiastico
771 4201 813 4264 ad
842 4200 982 4266 fibellum
1010 4205 1047 4268 de
1072 4207 1167 4290 Opere
1196 4215 1223 4270 et

239 4306 375 4367 smosynn
414 4305 463 4348 .1.
479 4305 564 4350 anno
600 4307 710 4349 mmsis.

913 3794 967 3836 um
990 3773 1073 3838 hunc
1093 3774 1221 3858 quidem
