3314 5190
437 443 503 506 842
774 443 1154 510 ANNOTATIONES

439 614 561 678 decimo
575 615 691 679 saeculo
706 616 843 700 scriptus
854 624 913 694 est,
929 615 1251 701 praeterDrurinnum
1264 617 1489 694 recentiorem,

438 721 532 784 quem
557 722 621 764 non
642 701 799 788 possideo.
844 701 947 767 Extat
968 702 1080 768 itidem
1102 723 1162 766 vox
1189 701 1300 767 lotitia
1322 704 1355 766 in
1377 703 1492 767 codice

437 787 576 870 quodem
600 786 841 853 Vindobcnensi
866 788 971 852 saeculi
998 786 1101 852 XIII.
1159 787 1235 852 Vid.
1261 788 1359 852 Doris
1384 789 1489 853 Caret.

436 871 498 935 vol.
516 871 561 936 ΙΙ.
587 872 646 937 ool.
675 893 769 958 2129.
814 875 910 939 Adde
935 875 1021 958 quod
1046 873 1132 938 nulls
1161 874 1299 939 varietus
1328 874 1388 938 hoe
1417 875 1491 940 loeo

439 963 555 1022 notate
569 965 618 1023 est
634 961 666 1024 in
681 960 868 1026 lectionibus
883 961 960 1024 edit.
977 961 1082 1026 Oxon.
1098 959 1259 1044 subjectis.

480 1041 561 1107 Ibid.
582 1045 603 1108 l.
617 1049 665 1110 18.
688 1046 826 1132 incipere
845 1046 992 1131 regnare]
1019 1045 1128 1111 Codex
1151 1045 1343 1110 Scrbonicus
1362 1047 1397 1109 ἰν
1407 1068 1487 1131 per-

457 1138 532 1192 etuc.
584 1131 678 1195 Alius
708 1140 807 1210 vetus,
842 1155 911 1195 cum
946 1131 1067 1196 Cluso
1097 1141 1245 1217 perpetue
1277 1143 1488 1217 repletum,

467 1238 554 1279 snuz.
600 1217 684 1282 olim
710 1218 837 1303 scripsit
861 1218 956 1281 Joau.
986 1217 1081 1281 Fred.
1109 1217 1287 1282 Gronovius
1320 1215 1488 1282 Obserontt.

435 1299 473 1362 de
494 1301 701 1387 Scriptcrides
725 1304 899 1368 Ecclesiae.
925 1311 999 1390 post
1024 1303 1199 1368 adductum
1225 1303 1308 1368 huno
1334 1303 1488 1388 Cypriani

436 1384 557 1451 locum:
587 1395 606 1424 “
619 1389 761 1474 Ινοίρννν
784 1411 919 1474 reptare.
959 1388 1175 1463 Membranae3
1201 1389 1254 1473 qui
1276 1411 1310 1452 se
1331 1409 1395 1452 non
1418 1411 1488 1453 cre-

436 1477 456 1515 =“
470 1472 528 1537 dat
543 1495 614 1537 eum
630 1475 758 1540 Christo
777 1476 810 1539 in
830 1483 984 1561 perpetuo
1002 1497 1145 1560 regnare.
1193 1475 1285 1555 Quod
1305 1475 1400 1538 credo
1415 1496 1487 1538 nru-

436 1565 455 1594 “
470 1569 565 1637 tesso,
589 1561 703 1644 quibus
724 1561 892 1626 videbatur
912 1560 1108 1625 incommode
1129 1560 1270 1644 positum
1291 1560 1393 1624 solum
1419 1583 1487 1644 rey-

436 1649 455 1678 “
469 1667 553 1722 care,
578 1646 668 1729 qussi
688 1647 757 1731 jam
780 1669 862 1711 nunc
884 1653 1027 1730 regnent.
1072 1647 1120 1710 At
1146 1645 1275 1730 optimis
1299 1645 1486 1710 auctoribus

436 1737 456 1766 “
471 1753 611 1815 praesens
625 1732 770 1797 infinitivi
785 1733 969 1818 profuturo
984 1732 1147 1796 usitatum.
1173 1731 1284 1796 Cicero
1295 1732 1349 1794 lib.
1362 1731 1424 1794 IV.
1441 1733 1486 1796 sd

435 1823 455 1852 “
470 1817 635 1882 Atticum:
670 1819 743 1882 Oete
766 1829 865 1882 tomen
886 1819 1020 1899 affimat
1041 1839 1071 1881 se
1094 1819 1161 1881 eico
1185 1816 1275 1881 illem
1293 1838 1352 1882 oco
1374 1818 1485 1881 trime-

435 1907 454 1937 “
464 1903 575 1987 plere.
594 1903 700 1968 Livius
714 1905 767 1969 lib.
781 1904 950 1969 XXXIV.
974 1905 1100 1966 Postero
1109 1903 1161 1966 die
1171 1901 1274 1966 Nebis
1285 1903 1382 1986 Arete
1393 1925 1424 1966 se
1438 1925 1484 1967 ce-

434 1995 454 2024 “
469 1989 541 2053 dere
556 2013 592 2054 cc
599 1991 744 2054 dedocere
748 1991 943 2076 presidium,
956 1989 1076 2073 quoodo
1086 1990 1133 2052 ita
1144 1989 1292 2052 Ιίννινηίε
1299 1989 1445 2073 placeret,
1455 2000 1485 2054 cr

434 2079 455 2194 ἶῖ
469 2073 1481 2247 illlillold'lssfflllllmsllll‘eplllulllll‘l’

434 2243 588 2312 Deventr.
613 2248 849 2313 Verumtamen
859 2182 1211 2329 iteqscribitCyprinnlirs
1221 2245 1392 2320 infreme
1405 2267 1481 2310 com-

430 2341 577 2413 parantes
590 2333 698 2410 densos
715 2335 769 2398 ubi
785 2334 961 2418 inciperent
976 2353 1101 2416 sempor
1119 2331 1276 2408 habitare,
1292 2331 1330 2394 de
1347 2333 1440 2416 Opere
1452 2342 1480 2396 a

432 2415 576 2480 Ehcmos.
593 2441 662 2503 cap.
671 2419 792 2503 penult.
831 2421 934 2482 Porro
953 2418 1074 2482 hubent
1094 2415 1191 2500 sliqui
1206 2417 1292 2502 apud
1304 2417 1337 2481 S.
1344 2417 1480 2480 Paulum

431 2500 477 2562 od
495 2503 646 2567 Romanos
661 2504 721 2567 viii.
744 2524 792 2586 13.
831 2505 869 2568 Si
896 2505 977 2567 enim
998 2501 1160 2566 secondom
1184 2523 1307 2566 carnem
1331 2503 1477 2577 νὲνονίνίν,

431 2586 1110 2762 lttllsatlst‘tllfdl'llllz‘tc
1124 2587 1383 2737 puspuffics
1402 2588 1478 2673 qus

475 2757 513 2821 P.
528 2775 600 2842 279.
615 2760 635 2822 l.
648 2780 698 2824 20.
715 2760 886 2825 vinolentia
900 2760 1014 2824 invitat
1046 2760 1122 2824 Fer.
1138 2759 1249 2843 legend.
1265 2759 1382 2824 irritat.

475 2842 557 2908 Ibid.
572 2845 593 2908 l.
606 2865 655 2911 να.
673 2847 805 2931 Cogeris
821 2847 1006 2910 maledicere
1041 2845 1151 2909 Etiam
1162 2844 1291 2909 Christe
1306 2845 1476 2909 interdum.

475 2929 558 2994 Ibid.
574 2931 595 2994 l.
610 2949 660 3016 23.
685 2932 889 3018 Compelleris
908 2932 1027 3016 jurare,
1043 2930 1128 3015 quod
1146 2950 1209 2993 non
1228 2928 1318 3016 lieet]
1344 2930 1411 2994 Per
1424 2952 1477 3016 ge·

430 3016 518 3080 nium
548 3017 692 3091 Cessatis,
719 3029 777 3084 eut
806 3020 968 3083 fortunam
996 3017 1073 3100 ejus.
1119 3016 1171 3080 Sic
1200 3016 1368 3102 proconsul
1393 3015 1477 3100 apud

431 3102 550 3166 Euseb.
575 3104 626 3167 lib.
641 3105 700 3168 IV.
723 3120 812 3188 c.15.
832 3104 902 3167 loeo
925 3102 1133 3186 praelnudato,
1163 3102 1339 3187 Polycarpo
1363 3101 1478 3186 ingerit

429 3189 543 3266 ὄμοσον
553 3189 607 3268 τὴν
622 3193 772 3272 Καίσαρος
787 3191 889 3272 τύχην,
900 3189 950 3252 cui
965 3188 1016 3251 ille
1030 3185 1205 3272 respondit,
1216 3191 1292 3266 μετὰ
1302 3189 1475 3268 capidociae,

430 3274 527 3349 ἄκουε,
545 3278 723 3354 Χριστιανός
741 3279 808 3354 εἶμι.
847 3273 985 3336 Proinde
1001 3273 1215 3336 Tertullianus
1230 3273 1263 3336 in
1275 3272 1369 3356 Apol.
1384 3295 1413 3336 o.
1423 3291 1477 3356 32.

429 3355 507 3420 dicit
527 3359 712 3423 ctesicles
726 3361 849 3443 jurare,
870 3361 948 3422 siem
968 3380 1028 3421 ecc
1042 3380 1103 3444 per
1121 3359 1222 3443 genios
1246 3360 1411 3434 Censorem,
1431 3358 1478 3421 ito

421 3444 622 3527 persolutam
636 3467 735 3508 eorem
752 3446 827 3528 (hoc
842 3452 892 3508 est
906 3445 1025 3526 Deum)
1042 3467 1110 3528 quse
1124 3453 1165 3507 cst
1178 3445 1335 3528 augustior
1344 3441 1479 3508 cnmibss

424 3529 532 3612 pecie.
580 3531 715 3595 Interim
729 3539 837 3595 tamen
856 3553 919 3594 non
938 3537 988 3594 est
1007 3529 1276 3607 dissimulandum,
1293 3529 1388 3593 verba
1408 3529 1477 3594 haec

427 3613 470 3676 sd
485 3615 739 3680 maledicentium
754 3624 787 3680 et
803 3615 932 3701 jurandi
950 3637 1050 3692 usum,
1067 3615 1101 3677 in
1120 3615 1278 3678 communi
1298 3614 1374 3692 vitu,
1390 3623 1478 3680 recte

427 3719 520 3783 posse
535 3701 654 3764 referri.
679 3701 810 3764 Fntnus.
842 3701 1018 3786 Cyprianus
1032 3701 1069 3764 de
1082 3701 1168 3764 Bono
1182 3701 1350 3764 Parentes
1360 3721 1392 3784 p.
1404 3719 1421 3762 2
1422 3719 1476 3784 52.

427 3785 477 3848 ed.
502 3785 774 3851 Beluzii-deiede
798 3797 832 3850 ct
856 3809 915 3851 een
933 3787 1027 3869 jures,
1054 3807 1146 3872 ecque
1170 3787 1342 3862 maledicas,
1366 3795 1400 3848 ut
1421 3796 1478 3850 too

426 3869 531 3935 ableto
552 3892 610 3935 coc
636 3883 762 3956 repetas,
788 3883 822 3936 ut
846 3881 968 3957 accepte
998 3872 1096 3956 clepo
1119 3881 1147 3934 et
1168 3871 1298 3937 ederam
1317 3870 1479 3934 macillom

427 3955 596 4020 verberanti
609 3958 757 4042 praebeas,
774 3968 808 4022 ot
820 3959 925 4042 fratri
940 3958 974 4020 in
988 3967 1015 4021 te
1027 3959 1170 4056 peccanti
1186 3960 1243 4021 &c
1289 3957 1361 4034 Sed,
1378 3977 1478 4041 qusu-

427 4065 524 4126 quam
545 4043 673 4107 minime
696 4045 874 4130 negandum
899 4051 958 4118 est,
982 4065 1057 4126 quin
1083 4042 1209 4126 plurimi
1231 4051 1353 4107 veteres
1379 4043 1477 4127 scrip-

425 4135 513 4192 tores
536 4133 610 4193 κατὰ
634 4131 688 4208 τὴν
713 4131 797 4208 λέξιν
823 4128 1026 4214 interpretati
1050 4129 1114 4192 sint
1138 4129 1256 4194 Christi
1280 4136 1314 4192 et
1339 4128 1476 4212 apostoli

426 4211 541 4277 Jccobi
564 4214 604 4278 de
626 4237 689 4279 non
708 4216 846 4300 jurando
868 4222 1071 4300 praeceptum,
1087 4214 1236 4280 discimus
1256 4221 1366 4277 temen
1386 4212 1477 4278 lectis

426 4297 496 4361 eliis
514 4301 697 4365 auctoribus
717 4300 945 4376 ecclesiasticis,
962 4299 1048 4384 apud
1063 4299 1261 4365 Christianos
1281 4319 1406 4384 semper
1423 4299 1476 4362 in-

421 4381 560 4447 valuisse
568 4384 630 4448 rite
644 4393 678 4449 et
689 4386 832 4469 religiose
843 4384 973 4469 jurandi
984 4406 1113 4448 morem.
1145 4386 1240 4450 Cous.
1252 4383 1345 4460 enim,
1357 4391 1479 4468 praetsr
