3326 5200
270 573 278 588 .
414 487 478 556 194
747 487 1127 554 suuorsrmuas

414 661 659 760 batespraentnr.
698 660 842 745 Denique
867 683 959 725 voees
985 660 1033 725 ita
1058 659 1189 745 exponit
1215 659 1247 722 in
1274 658 1383 724 indice
1408 679 1465 724 suo

415 746 600 810 miniatis
636 746 851 811 Tetelliaacoe
885 746 1053 823 Semlerus,
1090 754 1194 810 “cum
1226 743 1360 822 ratione,
1392 767 1465 808 cum

418 831 618 917 “disciplina
638 832 782 910 rationis,
798 853 869 916 quaa
888 853 1014 896 omnem
1034 831 1332 916 interpretationem
1351 831 1464 916 guber-

418 924 438 952 “
453 938 530 982 nare
545 918 652 996 debet,
667 925 700 982 et
715 918 748 982 in
762 940 801 982 ca
815 939 939 1003 semper
952 940 987 982 re
1069 917 1118 982 e.”

460 1004 500 1067 P.
516 1024 586 1089 130.
601 1004 621 1067 l.
637 1006 682 1068 18.
699 1025 795 1090 penes
809 1025 868 1068 nos
882 1002 989 1153 esse]P
1003 1049 1010 1066 .
1023 1025 1052 1068 e.
1069 1001 1252 1068 catholicos.
1276 1002 1412 1066 Sennea.

461 1089 543 1153 lbid.
565 1090 587 1152 l.
613 1109 663 1166 24.
687 1087 847 1175 constitit]
874 1090 935 1155 Ait
990 1089 1130 1168 amelius,
1159 1096 1179 1126 “
1192 1087 1300 1174 Magn's
1324 1087 1464 1173 placeret

416 1182 436 1210 ‘⁶
451 1176 583 1239 mannil
598 1197 693 1260 quam
714 1177 854 1254 manilii,
869 1175 929 1241 nisi
949 1175 1032 1240 infra
1049 1175 1168 1240 lectum
1186 1183 1271 1239 esset
1296 1178 1380 1260 (cap.
1396 1175 1462 1252 16.)

417 1268 437 1296 “
451 1261 515 1324 nisi
528 1262 609 1325 ratio
623 1261 832 1326 constiterit.”

460 1347 498 1410 P.
512 1361 582 1430 131.
599 1347 619 1411 l.
634 1367 662 1410 a.
678 1347 800 1411 fructus
814 1346 882 1431 ipse
919 1344 1072 1430 uaerendi]
1101 1344 1245 1410 Verbum
1266 1345 1410 1410 nannai
1423 1367 1463 1410 ex

416 1430 497 1494 libro
512 1431 623 1496 Ursini
640 1433 710 1496 MS.
727 1432 892 1496 substituit
942 1430 1080 1517 igaltius.
1125 1431 1365 1496 Revocaverunt
1379 1438 1462 1496 vete-

415 1539 483 1580 rem
497 1517 665 1582 lectionem
679 1541 751 1582 cum
771 1517 914 1583 Priorius
933 1517 966 1580 in
981 1516 1059 1581 edit.
1076 1516 1260 1602 Rigaltiana
1279 1539 1363 1581 anno
1382 1519 1463 1597 1664

416 1603 548 1667 Parisiis
573 1626 697 1682 excusa,
721 1611 791 1668 tum
815 1604 923 1688 Lupus
948 1610 982 1667 et
1006 1602 1204 1679 Thomasius,
1231 1625 1310 1688 quos
1336 1609 1463 1668 secutus

416 1710 494 1752 sum.
540 1689 698 1754 Senrlerus
713 1690 833 1754 nullum
847 1689 978 1753 verbum
992 1688 1131 1752 addiisse
1145 1695 1263 1753 censet.

459 1774 540 1839 lbid.
558 1775 578 1838 l.
595 1795 643 1839 10.
660 1775 843 1861 expunctio]
864 1774 903 1837 ld
918 1781 967 1838 est
982 1774 1256 1858 complementum.
1280 1773 1305 1837 J
1307 1797 1407 1838 nurus.

459 1861 643 1947 Ibid.l.15.
665 1863 741 1926 dum
762 1861 879 1946 ubique
902 1859 1064 1943 convenio]
1091 1859 1144 1924 Sic
1163 1860 1322 1946 Rigaltius
1340 1882 1380 1924 ex
1398 1859 1463 1924 edi-

414 1947 502 2011 tione
517 1948 666 2033 principe,
682 1947 736 2012 ubi
751 1954 860 2013 tamen
879 1946 1052 2010 Rhenanus
1069 1946 1269 2010 scribendum
1284 1946 1463 2030 conjecerat

413 2035 580 2098 amoenior.
626 2034 728 2115 Quam
743 2033 934 2118 scripturam
953 2031 1099 2116 amplexa
1120 2039 1248 2096 estnon
1270 2031 1345 2096 edit.
1359 2032 1462 2096 Paris.

437 2119 502 2182 rior
546 2119 661 2197 uidem,
685 2120 741 2184 sed
763 2119 855 2183 editt.
880 2117 981 2181 Paris.
1010 2118 1148 2182 secunda
1170 2125 1203 2182 et
1226 2118 1363 2182 Frauek.
1387 2139 1460 2202 pro·

414 2141 679 2282 bannientem,
695 2213 729 2270 et
743 2204 964 2269 revocantibus
979 2225 1050 2267 eam
1064 2204 1097 2266 in
1111 2203 1266 2268 editiones
1281 2225 1355 2267 suas
1372 2202 1463 2288 Lupo

415 2289 658 2374 Thomasioque‚
673 2291 760 2355 haud
781 2290 882 2354 multo
905 2289 1029 2353 diverso
1051 2311 1154 2366 sensu,
1177 2289 1210 2353 ni
1232 2288 1332 2366 fallor,
1356 2289 1460 2366 affixo,

414 2397 511 2458 quam
535 2376 633 2440 habet
660 2377 788 2440 Senecae
816 2375 902 2451 illud,
927 2376 1090 2461 Nusquam
1118 2384 1169 2452 est,
1214 2375 1249 2438 ai
1277 2373 1385 2460 ιιόίᾳιω
1410 2383 1461 2438 est.

414 2461 516 2545 Epist.
535 2461 568 2524 ii.
588 2484 620 2546 p.
637 2480 669 2547 5.
692 2463 738 2526 ed.
762 2461 925 2546 Seiaeiyd.
959 2462 1009 2526 At
1029 2482 1113 2540 vero,
1137 2468 1173 2525 ut
1227 2461 1337 2546 igaltio
1358 2461 1462 2524 locum

413 2547 596 2611 restituenti
610 2547 717 2632 potius
728 2547 894 2620 assentiar,
910 2546 987 2610 mihi
999 2547 1113 2612 suadet
1121 2547 1210 2611 notio
1221 2546 1308 2610 verbi
1323 2547 1462 2610 anemio

414 2654 454 2695 ex
477 2640 623 2716 quatuor,
645 2633 694 2697 vel
720 2633 795 2718 quin
817 2655 857 2696 ue
883 2631 1069 2697 Tertulliani
1091 2633 1167 2697 locis
1190 2640 1302 2706 erute;
1327 2653 1461 2717 quorum

414 2717 534 2802 primus
549 2725 640 2783 extat
655 2718 687 2784 in
701 2719 782 2782 libro
796 2655 834 2783 de
847 2717 985 2802 Jejnniis
998 2740 1068 2803 cap.
1086 2739 1094 2781 1
1100 2738 1132 2803 3.
1155 2718 1234 2782 Eece
1245 2719 1334 2794 enim,
1346 2718 1459 2802 inquit,

414 2804 565 2868 convenio
579 2827 628 2868 cos
641 2815 670 2868 et
682 2814 801 2890 prater
815 2804 934 2890 pescia
948 2803 1130 2888 jejunantes.
1168 2803 1263 2869 Alter
1282 2803 1314 2867 in
1330 2803 1400 2868 Lib.
1414 2803 1460 2867 Il.

413 2889 511 2954 Ades.
535 2891 691 2955 Marcion.
718 2907 854 2976 cap.17.
890 2890 1031 2974 Repende
1059 2899 1160 2955 aetem
1184 2891 1358 2954 centenitati
1386 2889 1461 2954 eni-

413 2985 524 3049 totaa3
552 2998 644 3062 wem
658 2986 817 3061 nimiaque
831 2975 1012 3040 conveneris
1026 2976 1060 3039 in
1073 2976 1222 3049 ornare,
1238 2977 1371 3039 invenies
1381 2977 1415 3039 in
1429 2998 1461 3039 ec

412 3070 441 3125 et
460 3061 549 3139 iliad,
563 3062 786 3147 praeterquod
802 3061 933 3126 darem
952 3062 1053 3124 Deam
1072 3061 1190 3134 credes·
1215 3061 1330 3126 tertius
1352 3069 1461 3126 autem

413 3147 446 3212 iu
460 3147 513 3212 lib.
528 3148 566 3212 de
578 3149 677 3212 Canac
692 3147 819 3226 Christi,
832 3169 901 3232 cap.
916 3167 964 3210 11.
996 3147 1060 3211 Sed
1067 3147 1165 3211 aliana
1174 3149 1462 3232 arymnentaticnem

414 3255 515 3298 eman
537 3234 746 3311 convenimus,
769 3235 915 3318 miqnncs
935 3254 991 3296 aar
1006 3234 1063 3296 bc.
1109 3233 1250 3313 Quartus
1271 3232 1406 3318 denique
1427 3233 1461 3297 in

413 3319 468 3382 lib.
491 3319 528 3384 dc
553 3320 732 3384 Testimonio
753 3321 887 3396 Anarta,
907 3317 1050 3403 capuit.
1080 3319 1157 3382 aaa
1177 3320 1258 3383 enim
1283 3320 1369 3383 times
1384 3320 1461 3402 fiai

416 3405 617 3482 Christianus,
634 3427 704 3470 eam
721 3405 888 3488 (animam)
905 3403 1044 3482 conveni,
1060 3427 1116 3468 car
1129 3405 1227 3469 aliena
1240 3403 1343 3482 when,
1359 3406 1461 3470 Deum

413 3492 571 3564 nominat,·
596 3513 664 3554 etan
684 3491 903 3554 maledicendos
922 3491 1051 3575 spiritns
1071 3490 1200 3567 demtat,
1220 3491 1372 3555 mania
1386 3512 1461 3576 peo-

413 3577 545 3654 nnntiat,
562 3599 617 3640 aar
630 3577 676 3641 ad
688 3575 793 3640 minan
806 3585 1008 3649 emaciatam
1033 3587 1060 3640 et
1078 3575 1123 3640 ad
1138 3587 1253 3641 terram
1271 3577 1457 3650 dedendae,-

414 3684 471 3726 car
491 3661 569 3727 aeti
589 3663 691 3739 serait,
711 3661 790 3726 alibi
810 3663 960 3726 cindicm
982 3662 1137 3726 convenit.
1183 3662 1222 3725 ln
1247 3684 1311 3747 quo
1333 3661 1461 3747 quidem

414 3748 483 3813 loco
497 3749 628 3813 verbum
642 3749 781 3812 amoenis
795 3769 867 3812 cum
881 3770 974 3812 sensu
988 3748 1158 3814 arcessendi
1172 3748 1310 3832 positum
1325 3749 1459 3826 videtur,

415 3834 550 3921 Anglice
575 3856 719 3908 concena-
755 3834 837 3898 sicut
863 3841 983 3918 postea,
1009 3834 1062 3898 ubi
1087 3833 1260 3898 tereticam
1284 3835 1459 3913 convenire,

415 3943 470 3984 seu
491 3942 639 3985 arcessas
660 3927 773 3985 auctor
794 3919 901 3998 habet,
918 3923 1049 4005 cap.16.
1095 3920 1134 3983 In
1155 3920 1209 3983 illo
1227 3941 1311 3998 vero,
1335 3921 1375 3986 de
1397 3943 1461 4005 quo

414 4006 546 4092 agimus,
569 4007 654 4071 valet
677 4007 761 4070 idem
783 4013 881 4090 atque
909 4005 1104 4090 depredanda
1130 4029 1194 4084 eeu,
1218 4005 1297 4070 nini
1318 4007 1460 4072 munit.

416 4091 569 4178 Denique,
586 4093 671 4177 quod
685 4093 810 4156 adrem
824 4098 883 4168 est,
899 4092 931 4155 in
946 4115 1015 4177 cap.
1026 4112 1078 4176 43.
1094 4091 1154 4156 hoc
1169 4099 1269 4168 extat,
1282 4091 1418 4170 Qum-ite
1432 4102 1462 4157 et

415 4178 574 4244 invenictis
587 4179 703 4263 ubique
717 4179 937 4242 meminerunt.

460 4264 497 4327 P.
514 4284 583 4349 131.
599 4265 620 4327 l.
638 4265 684 4328 16.
700 4271 734 4329 et
753 4265 846 4328 velim
867 4263 912 4328 sic
931 4285 1096 4347 nusquam,
1112 4263 1201 4348 quasi
1224 4263 1277 4347 qui
1299 4285 1460 4348 nunquam

415 4348 693 4436 apprehenderim]
716 4349 768 4414 lta
782 4351 858 4414 edit.
875 4349 977 4413 Paris.
994 4348 1152 4434 posterior
1170 4370 1254 4413 anno
1278 4351 1359 4433 1566
1375 4357 1391 4414 t
1433 4349 1462 4414 is

416 4436 577 4521 impressa,
608 4444 642 4501 et
672 4436 828 4522 probante
858 4434 967 4498 Junio.
1030 4435 1181 4520 Idemque
1211 4435 1389 4519 conjecerat
1429 4457 1460 4499 e·
