3316 5198
422 449 486 514 DE
511 447 911 515 PRAESCRIPTIONE
936 451 1063 515 ΗΕΒ.
1203 453 1265 518 145

218 623 332 706 batur,
350 631 406 694 tot
422 623 535 695 millia
559 625 711 694 millium
737 643 920 718 perperam
947 627 1069 708 tinctu,
1086 634 1142 697 tot
1160 649 1267 719 opera

218 739 301 810 fidei
335 763 519 833 perperam
549 741 802 824 administrata,
830 749 888 811 tot
914 743 1074 824 virtutes,
1102 751 1158 812 tot
1185 743 1267 813 cha-

219 857 363 926 rismata
391 879 575 949 perperam
606 865 761 949 operata,
792 865 848 927 tot
869 859 1072 940 sacerdotia,
1098 867 1155 928 tot
1177 861 1268 928 min·

219 973 339 1042 isteria
362 974 547 1065 perperam
572 973 715 1056 frmcta3
742 981 797 1044 tot
823 974 975 1065 denique
1002 975 1169 1065 martyria
1190 997 1269 1066 per-

193 1103 341 1179 speram
383 1097 560 1160 coronata.
613 1087 693 1159 Aut
727 1090 755 1159 si
791 1112 862 1159 non
903 1111 1097 1182 perperam,
1131 1112 1197 1158 nec
1231 1093 1267 1158 in

221 1226 393 1288 vacuum;
419 1204 523 1296 quale
549 1213 604 1275 est
621 1213 663 1274 ut
680 1213 762 1275 ante
786 1227 841 1275 res
860 1205 929 1274 Dei
954 1215 1145 1288 currerent,
1162 1227 1268 1298 quam

222 1322 321 1413 cujus
356 1320 426 1391 Dei
467 1330 593 1391 notum
636 1321 760 1392 esset?
802 1329 886 1391 ante
928 1320 1128 1404 Christiani,
1162 1345 1268 1414 quam

221 1436 384 1509 Christus
400 1435 589 1508 iuventus?
607 1445 691 1507 ante
703 1437 856 1520 haeresis,
868 1460 973 1528 quam
987 1459 1069 1508 vera
1086 1438 1269 1508 doctrina?

223 1551 294 1623 Sed
320 1554 416 1624 enirn
442 1555 479 1623 in
504 1553 668 1624 omnibus
691 1555 820 1624 veritas
850 1554 1041 1646 imaginem
1070 1555 1268 1624 antecedit:

178 1689 214 1728 ιο
223 1675 303 1761 post
321 1691 396 1738 rem
410 1668 604 1738 similitudo
618 1669 787 1739 succedit.
814 1667 984 1738 Cetemm
1001 1669 1085 1738 satis
1099 1669 1269 1759 ineptum,
1280 1688 1353 1737 rrae.
1365 1687 1433 1736 xxiv.

223 1792 265 1853 ut
291 1784 387 1876 prior
415 1785 452 1852 in
481 1781 573 1878 (sor.
600 1784 675 1874 illa)
705 1784 865 1854 doctrina
898 1783 1042 1853 haeresis
1071 1782 1271 1866 habeatur3

224 1897 281 1970 vel
297 1901 463 1990 quoniam
480 1901 556 1992 ipsa
573 1909 637 1982 est,
656 1922 736 1990 quae
762 1898 899 1968 futuras
925 1898 1076 1968 haereses
1099 1900 1271 1969 cavendas

225 2015 494 2108 praenuntiabat.
538 2013 598 2086 Ad
617 2016 692 2107 ejus
710 2012 881 2085 doctrinae
899 2013 1083 2084 eeclesiam
1101 2015 1271 2105 scriptum

224 2139 288 2214 est,
306 2131 415 2201 immo
440 2132 516 2224 ipsa
540 2131 701 2201 doctrina
725 2129 769 2200 ad
798 2129 982 2200 ecclesiam
1007 2153 1107 2200 suam
1130 2131 1270 2200 scribit:

179 2262 215 2324 Ι5
225 2245 273 2318 El
288 2247 322 2317 a·
336 2244 475 2344 copelata
493 2244 534 2317 da
551 2245 631 2317 coelo
647 2243 750 2317 aliter
766 2243 1047 2343 maapalizavcrat
1063 2246 1152 2316 citra
1170 2269 1271 2340 quom
1281 2261 1336 2310 ou.
1348 2261 1365 2308 r.

225 2386 296 2446 aaa,
314 2361 494 2435 aceldama
511 2362 566 2432 ait.

277 2479 351 2550 Ubi
381 2487 468 2549 tuuc
504 2477 677 2560 Marcion,
706 2477 876 2548 Ponticus
909 2479 1104 2562 nauclerus,
1141 2478 1295 2550 Stoicae
1317 2483 1400 2596 ξᾶξ

226 2593 432 2666 studiosus?
476 2593 538 2663 ubi
580 2591 805 2674 Valentinus,
853 2592 1048 2666 Platonicae
1091 2595 1273 2666 sectatori
1398 2581 1404 2595 ⁸

228 2711 324 2782 Nam
342 2717 482 2781 constat
498 2708 588 2791 illos,
606 2731 721 2800 neque
745 2711 833 2779 adeo
857 2708 942 2779 olim
964 2709 1081 2792 husae,
1100 2709 1274 2782 Antonini

181 2827 301 2897 coiere
334 2827 545 2919 principatu,
573 2834 610 2895 et
640 2827 677 2894 in
711 2825 896 2895 catholicae
930 2828 1044 2918 primo
1077 2827 1274 2897 doctrinam

228 2941 417 3011 credidisse
442 2941 535 3033 apud
561 2940 747 3012 eeclesiam
765 2941 1028 3012 Romanensem
1051 2941 1117 3011 sub
1143 2944 1276 3033 episco-

229 3062 316 3148 patu
334 3055 517 3128 Eleutheri
534 3056 723 3140 benedicti,
735 3058 847 3127 donec
865 3059 912 3126 ob
929 3057 1124 3147 inquietam
1138 3079 1277 3148 semper

228 3195 353 3242 eorum
382 3174 632 3256 curiositatem,
647 3196 731 3264 *qua
763 3171 889 3241 fratres
922 3193 1063 3262 quoque
1093 3171 1275 3254 vitiabant,

228 3287 338 3359 semel
363 3289 552 3359 etiterum
582 3290 698 3381 ejecti,
725 3286 904 3376 (Marcion
931 3286 1074 3377 quidem
1103 3310 1184 3358 cum
1213 3288 1277 3358 du-

183 3429 218 3490 25
229 3407 343 3476 centis
371 3407 552 3488 sestertiis,
581 3428 662 3496 quae
693 3403 853 3474 ecclesiae
879 3402 1063 3495 intulerat)
1089 3405 1276 3474 novissime

229 3523 267 3590 in
295 3529 505 3616 perpetuum
538 3521 724 3592 discidium
754 3519 912 3612 relegati,
938 3542 1075 3590 venena
1104 3521 1278 3590 doctrina-

229 3659 308 3707 rum
342 3659 485 3708 suamm
520 3635 846 3706 disseminaverunt.
915 3634 1147 3705 Postmodum
1182 3636 1277 3704 idem

232 3750 396 3823 Marcion
437 3752 684 3844 poenitentiam
726 3750 915 3832 confessua
959 3773 1041 3820 cum
1085 3749 1277 3820 conditioni

231 3869 325 3939 datae
352 3868 419 3939 sibi
442 3869 604 3950 occurrit,
631 3869 681 3937 ita
706 3889 830 3958 pacem
853 3875 1068 3959 receptums‚
1086 3869 1115 3937 si
1141 3876 1278 3937 ceteros

183 4007 320 4075 30quos
344 3985 535 4077 perditioni
557 3985 738 4065 erudisset,
756 3982 916 4053 eeclesiae
933 3983 1145 4064 restitueret,
1163 3991 1279 4053 morte

231 4109 433 4192 praeventus
460 4109 525 4170 est.
578 4098 777 4192 Oportebat
804 4099 899 4166 enim
925 4098 1074 4169 hareses
1100 4121 1185 4182 esse,
1212 4122 1299 4169 neor
1314 4118 1369 4167 cor.
1382 4117 1415 4164 a.

231 4223 351 4285 tamen
369 4216 449 4285 ideo
474 4216 609 4286 bonum
633 4214 794 4294 haereses,
812 4213 896 4303 quia
912 4234 971 4282 eas
989 4235 1064 4311 esse
1082 4215 1278 4306 oportebat.

232 4329 341 4413 Quasi
376 4351 447 4400 non
481 4338 519 4400 et
553 4330 687 4400 malum
722 4329 918 4420 oportuerit
952 4351 1038 4400 esse.
1099 4329 1200 4412 ¹Nam
1243 4339 1281 4401 et

746 4463 772 4514 u
