3294 5192
394 463 460 530 416
474 463 652 530 ANNOT.
672 461 725 529 IN
745 461 964 528 CANONES
986 461 1170 527 NICAENI
1193 461 1429 529 CONCILII.

777 691 1057 758 ADDENDUM.

438 815 477 876 P.
488 828 562 895 407.
578 811 632 876 lin.
641 809 777 896 penult]
797 813 909 890 Porro,
925 811 986 876 etsi
1001 809 1169 896 disputent
1179 811 1329 888 nonnulli,
1342 811 1447 876 sanei-

396 906 466 964 tum
480 919 549 962 esse
564 897 625 961 hoe
639 917 768 974 esnone,
784 905 822 962 ut
842 897 946 962 cleriei
966 897 1139 962 Novatieni
1153 899 1194 962 ed
1214 898 1379 962 ecelesiam
1397 920 1447 962 re

396 984 478 1048 versi
492 984 559 1046 sine
574 1005 657 1047 nove
671 983 812 1068 ipsorum
829 982 1030 1048 ordinatione
1047 1005 1099 1048 res
1113 1005 1220 1048 seeres
1240 983 1447 1048 administre-

396 1076 478 1148 rent,
493 1090 562 1132 rem
576 1075 685 1134 temen
699 1074 818 1154 negent
829 1069 877 1134 ite
887 1092 921 1133 se
936 1069 1094 1148 habuisse,
1106 1092 1170 1134 non
1181 1076 1309 1134 lentum
1320 1077 1447 1134 veteres

396 1156 599 1240 interpretes,
623 1155 676 1239 qui
702 1154 801 1219 verbe
825 1155 965 1234 denonis,
990 1155 1069 1219 dere
1093 1155 1372 1240 χειροθετουμένους
1394 1156 1445 1220 ‹ni-

396 1241 463 1308 τοδς
477 1241 580 1321 μένειν
599 1245 691 1308 οὕτως
711 1242 746 1305 ἐν
764 1245 805 1326 τῷ
828 1240 936 1327 κλήρῳ,
965 1241 1082 1306 Latine
1105 1248 1244 1315 vortunt,
1266 1250 1301 1305 μί
1321 1242 1446 1326 imposi-

397 1327 506 1392 tionem
528 1349 636 1391 ιιιαπιιι
656 1326 832 1412 accipientes
856 1328 902 1391 sio
924 1327 960 1391 ιἰι
983 1327 1061 1392 αλσο
1077 1336 1301 1412 pennensem
1333 1349 1446 1392 verum

397 1412 495 1478 etiem
510 1411 645 1477 Rufinus
659 1433 816 1478 canonum
829 1412 945 1477 horum
958 1413 1024 1477 sere
1037 1413 1177 1498 aequelis.
1210 1415 1251 1476 In
1265 1413 1348 1477 Hist.
1359 1413 1448 1477 enim

397 1519 457 1562 siin
470 1498 555 1562 Εσσί.
572 1498 617 1563 ΙΙ.
632 1513 664 1583 5.
682 1499 940 1564 eommemomtis
959 1499 1106 1564 omnibus
1120 1499 1259 1563 Nieaenis
1270 1499 1446 1563 senonibus

397 1585 438 1648 de
452 1583 573 1648 clericis
587 1584 634 1650 eit
647 1584 834 1649 Novatinnis
849 1585 882 1648 in
901 1592 1014 1650 octavo
1028 1584 1089 1651 hoe
1104 1606 1224 1649 canone
1235 1585 1378 1670 signetis,
1389 1603 1450 1649 eos'

396 1670 429 1734 in
451 1669 558 1734 ordine
582 1671 713 1755 quedam
733 1691 787 1734 τοο
807 1672 920 1758 melei
942 1669 1056 1750 dedere,
1078 1671 1132 1736 sed
1144 1670 1334 1735 ordinatione
1357 1671 1444 1735 date.

396 1755 493 1819 Adde
522 1755 608 1856 quod
636 1757 668 1820 in
698 1756 857 1841 Synodiee
879 1778 938 1821 sue.
966 1756 1114 1856 Epistola
1138 1758 1180 1821 nd
1207 1756 1447 1822 Alexandrinos

396 1842 517 1927 scripta
538 1841 597 1926 1psi
613 1863 737 1926 quoque
755 1849 864 1942 patres
884 1842 1007 1907 Nieaeni
1028 1843 1148 1908 ele1ieis
1170 1843 1354 1907 Meletienis
1367 1843 1445 1907 resi-

419 1927 591 1992 iseenllbus
611 1927 645 1990 id
667 1935 868 2012 permlltunl,
884 1935 921 1992 ul
943 1929 1145 2015 μνστικωτέρᾳ
1168 1931 1349 2014 χειροθεσίφ,
1370 1949 1445 1992 eon-

489 2013 516 2077 ti
535 2013 639 2076 loeum
659 2013 802 2078 suumin
825 2014 955 2100 singulis
975 2014 1113 2080 eeclesiis
1132 2022 1319 2100 agnoscant.
1359 2014 1445 2080 Vide

398 2097 577 2185 Epistolem
596 2121 617 2163 α
631 2120 681 2164 me
696 2099 780 2163 inire
793 2099 990 2167 eolloeetem.
1027 2100 1258 2166 Verumtamen
1273 2101 1367 2165 aliter
1381 2101 1445 2164 for-

397 2186 636 2250 taeseZonnree
648 2207 800 2250 eenonem
809 2188 965 2271 exposuit,
976 2186 1030 2272 qui
1039 2185 1072 2250 in
1084 2188 1319 2253 Commentario
1330 2189 1446 2252 suosie

397 2270 528 2345 scribil3
549 2269 621 2335 Ὀτι
635 2275 693 2354 γλρ
708 2273 743 2337 οὐ
757 2275 824 2356 περὶ
839 2274 893 2353 τὴν
907 2274 1009 2339 πίστιν
1022 2273 1216 2355 ἐσφάλλοντο
1231 2273 1444 2356 (Νοναδίαοὶ),

397 2354 468 2419 ἀλλ’
481 2359 523 2424 είς
536 2360 740 2439 μισαδελφίαν
755 2360 803 2423 καὶ
814 2360 939 2441 ἄριπρσιν
948 2359 1107 2442 μετανοίας
1117 2365 1180 2426 τοῖς
1194 2363 1447 2442 παραπεπτωκόσι

398 2443 447 2506 καὶ
459 2442 683 2524 ἐπιστρέφουσι,
696 2447 745 2507 διὰ
755 2451 842 2507 τοῦτο
854 2446 902 2508 καὶ
913 2446 967 2525 τὴν
977 2446 1166 2528 χειροτονίαν
1177 2445 1273 2510 αὐτῶν
1287 2448 1305 2526 ἡ
1320 2449 1447 2515 σύνοδος

398 2525 529 2604 ἐδέξατο,
547 2529 596 2590 καὶ
608 2527 712 2606 μένειν
726 2529 829 2597 αὐτοὺς
841 2532 875 2594 ἐν
888 2538 950 2599 τοῖς
963 2534 1081 2597 οἰκείοις
1090 2535 1219 2612 βαθμοῖς
1233 2535 1402 2614 διωρίσατο,
1419 2536 1448 2598 εἶ

395 2610 438 2691 μὴ
453 2612 613 2680 ἐπίσκοπος
628 2615 673 2690 εἴη
688 2615 772 2693 ἐντῇ
789 2620 930 2703 καθολικῇ
944 2621 995 2697 τῆς
1008 2620 1125 2685 πόλεως
1138 2618 1252 2698 ἐκείνης
1268 2621 1422 2705 ἐκκλησία.
