3310 5224
432 476 475 538 50
794 477 826 536 S.
850 475 1120 538 HIPPOLYTI

434 645 507 749 γὰρ
526 652 573 730 εἷς
591 655 730 746 πνεῦμα
754 645 857 747 ἅγιον
875 651 1125 752 βλασφημῶν,
1144 647 1320 748 ἕκβλητος
1343 648 1490 750 γένηται

438 779 510 869 (cor.
530 773 729 876 γεγένημαι)
749 772 885 877 κλήρου
904 775 1020 876 ἁγίου.
1071 773 1190 858 Οὗτος
1214 773 1337 877 ἔλεγεν
1362 773 1489 855 ἑαυτὸν

438 899 526 980 εῖναι
542 903 720 999 Μωῦσῆν,
732 903 790 979 καὶ
804 897 867 980 τόν
881 897 1042 1008 ἀδελφόν
1056 902 1165 981 αὐτοῦ
1177 900 1330 1003 Ἀαριόν.
1362 908 1489 982 Ταῖττα

437 1029 655 1112 ἀκούσαντες
687 1033 720 1108 οἱ
753 1026 921 1131 μακάριοι
952 1025 1192 1132 πρεσβύτεροι
1229 1028 1488 1133 προσκαλεσά-

438 1191 537 1256 μενοι
555 1157 705 1237 ἐνῶπιον
722 1161 786 1256 τῆς
800 1158 993 1257 ἐκκλησίας
1007 1155 1188 1264 ἐξήταζον.
1227 1160 1276 1237 Ὀ
1288 1156 1325 1236 δέ
1339 1158 1513 1260 ἡρνεῖτο,ς

439 1283 555 1386 λέγων
580 1282 645 1369 τὰς
667 1283 791 1388 ἀρχὰς,
815 1281 866 1383 μὴ
890 1289 1044 1390 φρονεῖν.
1088 1281 1270 1387 Ὕστερον
1298 1283 1335 1362 δέ
1360 1286 1483 1390 ἐμφω-

439 1411 575 1495 λεύσας
599 1411 637 1490 ἐν
662 1445 769 1509 τισιν,
795 1414 853 1489 καὶ
875 1408 1108 1494 συσκευάσας
1131 1413 1245 1518 ἐαυτῷ
1266 1421 1483 1492 συνπλανω-

439 1539 573 1638 μένους,
599 1537 756 1640 καθαρὸν
782 1541 855 1646 (for.
873 1541 932 1616 καὶ
956 1535 1115 1642 θαῤῥῶν)
1143 1540 1293 1640 ὕστερον
1315 1543 1424 1645 ίστᾷν
1445 1538 1487 1619 τὸ

441 1665 560 1767 δόγμα
591 1663 772 1761 ἐβούλετο.
826 1663 903 1746 Ὃν
939 1664 1052 1746 πόλιν
1083 1663 1424 1769 πρωκαλεσάρανοι
1455 1671 1488 1747 οἱ

440 1792 606 1897 μακάριοι
635 1792 876 1897 πρεσβύτεροι
906 1791 1080 1899 ἤλεγξαν.
1136 1793 1184 1872 Ὁ
1215 1791 1253 1872 δέ
1283 1795 1487 1890 ἀντίστατο,
1501 1827 1537 1866 ιο

442 1921 572 2023 λέγων·
619 1921 672 1999 Τί
693 1921 756 1999 οὖν
779 1919 890 2000 κακὸν
913 1927 1004 1999 ποιῶ
1028 1916 1186 2025 δοξάζων
1207 1917 1271 1998 τὸν
1292 1919 1483 2022 Χριστόν,

441 2046 532 2149 πρὸς
550 2045 591 2126 δν
608 2047 924 2150 ἀνταποκρίνονται
947 2050 979 2124 οῖ
1002 2043 1253 2149 πρεσβύτεροι·
1299 2048 1373 2124 Καὶ
1389 2045 1488 2145 ἡμεῖς

443 2171 505 2250 ἕνα
530 2172 626 2252 Θεὸν
650 2173 793 2271 οἴδαμεν
819 2175 976 2271 ἀληθῶς.
1010 2171 1153 2270 οἴδαμεν
1174 2169 1352 2274 Χριστόν·
1387 2171 1484 2250 οῖδα·

442 2332 509 2398 μεν
538 2296 602 2378 τὸν
632 2298 707 2377 υἱὸν
737 2297 911 2396 παθόντα,
943 2297 1062 2383 καθώς
1090 2299 1230 2396 ἔπαθεν,
1262 2295 1489 2378 ἀποθανόντα

443 2423 561 2510 καθεδς
596 2426 781 2524 ἀπέθανεν,
814 2431 871 2506 καὶ
909 2426 1116 2506 ἀναστάντα
1150 2433 1195 2530 τῇ
1232 2428 1333 2532 τρίτη
1364 2426 1488 2533 ἡμέρᾳ,
1502 2455 1537 2515 ¹5

444 2554 503 2631 καὶ
521 2552 607 2632 ὄντα
630 2555 668 2632 ἐν
691 2554 791 2661 δεξιᾷ
814 2565 879 2633 τοῦ
904 2553 1060 2657 Πατρός,
1082 2556 1140 2633 καὶ
1162 2551 1352 2657 ἐρχόμενον
1374 2559 1488 2657 κρῖναι

444 2677 576 2781 ζῶντας
598 2685 656 2760 καὶ
680 2681 831 2785 νεκρούς.
863 2684 922 2761 καὶ
944 2691 1057 2761 ταῦτα
1078 2679 1230 2782 λέγομεν
1249 2677 1272 2758 ἃ
1296 2677 1485 2780 ἐμάθομεν.

444 2805 539 2887 Τότε
565 2817 692 2888 τοῦτον
719 2807 929 2915 ἐλέγξοντες
957 2809 1116 2916 ἐξέωσαν
1137 2811 1201 2907 τῆς
1228 2809 1430 2906 ἐκκλησίας,
1449 2805 1489 2892 ὃς

445 2939 493 3018 είς
522 2944 676 3015 τοσοῦτο
703 2936 876 3041 φυσίωμα
904 2935 1047 3040 ἠνέχθη,
1073 2937 1121 3020 ὠς
1147 2937 1398 3015 διδασκαλεῖον
1422 2970 1490 3015 συ-

445 3095 592 3164 σΤησαι.
1502 3090 1543 3129 20

446 3269 631 3350 blasphemus
645 3280 689 3329 est
703 3288 739 3327 ex
755 3268 854 3327 divine
867 3279 945 3328 sorte
986 3278 1051 3326 tum
1065 3268 1200 3344 honcro?
1230 3266 1311 3326 Huic
1328 3268 1489 3348 presbyteri

446 3350 556 3426 ejectus
566 3361 620 3409 est.
659 3350 767 3408 Aiebat
781 3350 828 3408 hic
842 3369 945 3409 seesse
986 3347 1217 3427 responderunt:
1252 3348 1295 3406 Et
1320 3368 1373 3407 nos
1397 3368 1488 3407 unum

447 3429 582 3509 Moysen,
603 3440 633 3490 et
647 3431 766 3488 fratrem
784 3449 867 3488 suum
884 3449 945 3488 esse
987 3427 1083 3487 Deum
1115 3448 1183 3487 vere
1214 3428 1337 3488 scimus:
1381 3429 1489 3488 scimus

447 3508 557 3568 Aaron.
580 3511 729 3569 Haeccum
738 3511 814 3569 beati
827 3510 944 3588 presby·
987 3509 1146 3575 Christum,
1166 3509 1272 3567 scimus
1292 3509 1402 3568 Filium
1423 3530 1489 3589 pes-

446 3590 502 3648 teri
526 3591 671 3658 audirent,
697 3591 866 3649 accersitum
898 3611 946 3648 co.
987 3608 1061 3657 sum,
1087 3589 1163 3648 sicut
1186 3609 1287 3668 passus
1314 3599 1377 3660 est3
1409 3611 1488 3648 mor·

447 3689 507 3727 rum
543 3671 664 3730 ecclesia
698 3671 944 3728 examinaverunt.
988 3680 1082 3738 tuum,
1105 3669 1181 3727 sicut
1204 3680 1337 3729 mortuus
1360 3681 1425 3741 est;
1457 3681 1488 3730 et

448 3749 504 3809 Ille
518 3771 587 3810 vero
607 3752 730 3828 negabat
749 3751 892 3829 principio
906 3751 947 3809 sic
988 3751 1158 3808 suscitatum
1183 3750 1270 3808 tertie
1298 3751 1356 3819 die,
1384 3760 1415 3809 et
1442 3771 1488 3810 se·

447 3851 478 3888 se
489 3831 606 3890 sentire.
634 3832 740 3889 Postea
754 3851 822 3889 vero
836 3831 866 3888 in
881 3831 944 3908 qui·
988 3830 1104 3889 dentem
1137 3830 1174 3889 ad
1201 3830 1350 3889 dexterum
1380 3830 1486 3898 Petris,

446 3911 567 3971 busdam
579 3911 759 3980 delitescens,
774 3922 805 3969 et
819 3910 947 3969 collectis
988 3923 1202 3988 venturumque
1230 3911 1267 3969 ed
1295 3910 1487 3987 judicandum

447 3993 572 4070 aliisqui
586 3992 729 4050 incudem
743 4012 838 4049 errore
853 4003 945 4057 erant,
988 3991 1069 4048 vivos
1083 4003 1113 4048 et
1131 4003 1270 4049 mortuos.
1308 3991 1409 4069 Atque
1427 3992 1489 4050 htec

446 4072 562 4131 volebat
572 4084 672 4151 aperte
683 4073 787 4151 dogma
798 4092 882 4131 suum
899 4072 946 4130 de·
988 4071 1120 4140 dicimus,
1136 4091 1200 4147 quae
1213 4071 1375 4130 didicimus.
1403 4071 1489 4131 Tunc

447 4151 575 4211 tendere.
611 4152 707 4224 Quem
729 4173 829 4212 rursus
852 4172 947 4210 aecer.
988 4152 1076 4210 istum
1097 4152 1261 4210 convictum
1282 4153 1430 4229 ejecerunt
1450 4171 1489 4211 ex

446 4232 535 4290 situm
549 4233 710 4312 presbyteri
724 4232 944 4311 redarguerunt.
986 4231 1106 4291 ecclesia
1114 4233 1164 4309 qui
1178 4253 1213 4291 eo
1227 4231 1386 4291 inflationis
1396 4233 1487 4301 venit,

448 4311 504 4371 Ille
523 4333 591 4370 vero
610 4313 769 4388 resistebat,
792 4313 943 4389 inquiens:
987 4323 1020 4369 ut
1035 4312 1137 4370 docere
1151 4313 1328 4371 institueret.

449 4393 528 4465 Quid
545 4393 634 4470 igitur
645 4392 712 4451 mali
724 4393 796 4451 facio
807 4394 831 4450 si
846 4393 945 4450 Chris-
