3314 5190
415 505 479 572 292
790 503 822 566 S.
848 497 1086 566 CYPRIANI

416 677 608 758 Christum,
635 677 696 767 qui
722 685 759 746 te
784 685 823 747 et
848 677 1000 747 redemit
1023 683 1061 744 et
1083 671 1223 767 diligiti
1254 671 1412 742 Jcannes
1432 671 1470 738 in

416 790 566 885 epistola
591 792 811 864 succlamat
836 801 874 863 et
900 792 1066 884 loquitur,
1093 799 1131 860 et
1155 812 1202 860 ne
1231 785 1384 860 carnalia
1409 787 1471 857 de-

256 919 389 970 suman
416 908 543 979 sideris
567 917 745 979 sectantes
769 910 944 979 mundum
970 907 1159 1002 diligamus
1185 905 1367 976 bortatur:
1397 902 1472 976 Νο-

416 1022 485 1107 tite,
502 1026 628 1116 inquit,
645 1022 789 1121 dilipcrc
806 1023 981 1106 muudum,
999 1047 1106 1117 neque
1122 1046 1163 1094 ec
1179 1047 1257 1118 pace
1280 1023 1319 1092 in
1342 1020 1471 1091 mundo

417 1149 506 1213 aaut.
562 1139 607 1213 Si
641 1141 718 1234 quis
753 1138 914 1211 ditmari!
948 1139 1123 1224 mundum,
1155 1163 1225 1210 aon
1259 1147 1309 1209 est
1341 1139 1497 1215 matus

416 1254 541 1326 Patris
559 1256 597 1324 in
621 1252 704 1324 ilic:
734 1256 818 1348 quia
834 1279 932 1326 omne
956 1254 1048 1350 quod
1071 1256 1109 1325 in
1132 1254 1259 1325 mundo
1281 1263 1329 1324 est
1350 1277 1471 1325 conus·

412 1373 585 1466 piscantia
619 1371 736 1441 curnis
770 1379 828 1453 cst,
863 1381 894 1442 ct
929 1372 1203 1466 concupiscentia
1236 1369 1471 1442 umbrante!

418 1485 559 1557 ambitio
583 1485 710 1569 scendi,
737 1510 814 1580 quoe
839 1509 908 1557 non
934 1497 983 1558 est
1008 1512 1030 1558 a
1055 1486 1174 1570 Patre,
1196 1487 1256 1558 sed
1280 1511 1324 1557 ee·
1351 1510 1473 1558 conut-

413 1604 585 1697 piscentia
619 1602 763 1682 raaudi:
801 1612 833 1673 et
862 1603 1011 1674 mundas
1041 1602 1203 1675 tramibit
1236 1611 1268 1676 et
1295 1604 1473 1698 concupis·
1649 1685 1650 1702 χ

419 1721 530 1791 centia
547 1718 627 1812 aba.
680 1717 751 1808 Qui
767 1728 879 1789 uatem
894 1718 1025 1814 fecerit
1048 1719 1252 1792 uoluntatem
1270 1718 1342 1790 Dei
1359 1727 1473 1790 manet
1486 1744 1522 1784 ιο
1649 1711 1650 1716 ’

419 1838 458 1907 in
488 1845 662 1920 cateruam,
694 1836 861 1930 quomoda
888 1846 920 1907 et
948 1835 1047 1908 Deus
1078 1844 1192 1907 manet
1225 1837 1264 1906 ic
1294 1845 1471 1906 cateruam.

420 1952 554 2035 Potius,
572 1953 698 2024 fratres
715 1953 944 2035 dilectissimi,
962 1963 1084 2024 mente
1105 1955 1253 2047 integra,
1271 1953 1342 2023 fide
1359 1951 1470 2033 firma,

419 2071 551 2140 virtute
576 2071 730 2154 robusta,
757 2071 869 2164 parati
899 2069 944 2139 ad
973 2092 1116 2139 omnem
1146 2070 1369 2139 voluntatem
1400 2068 1471 2138 Dei

418 2187 548 2269 simus;
576 2208 705 2279 pavore
727 2187 854 2256 mortis
880 2185 1035 2267 excluso,
1061 2184 1366 2256 immortalitatem
1389 2207 1471 2277 quae

419 2301 579 2390 sequitur
620 2303 828 2395 cogitemus.
894 2301 975 2371 Hoc
1018 2323 1081 2370 nos
1124 2301 1352 2372 ostendamus
1394 2323 1471 2371 esse
1485 2327 1494 2366 ι
1501 2327 1519 2384 5

420 2416 513 2506 quod
544 2417 729 2500 credimus,
764 2427 806 2487 ut
841 2439 957 2509 neque
993 2439 1154 2487 carorum
1190 2417 1375 2512 lugeamus
1409 2440 1472 2488 ex-

420 2554 568 2613 cessum,
595 2542 632 2602 et
660 2555 742 2602 cum
772 2535 1010 2602 accersitionis
1038 2533 1188 2626 propriae
1219 2534 1294 2604 dies
1324 2534 1470 2615 venerit,

420 2648 668 2718 incunctanter
690 2655 728 2716 ct
750 2647 904 2717 libenter
926 2648 971 2718 ml
998 2647 1192 2719 Dominum
1219 2650 1296 2741 ipsc
1321 2659 1472 2721 vocante

423 2766 614 2834 veniamus.

472 2879 622 2952 XVIII.
653 2881 759 2964 Quod
781 2905 864 2951 cum
886 2905 1025 2975 semper
1047 2883 1248 2953 faciendum
1270 2885 1378 2955 fuerit
1400 2882 1470 2954 Dei
1483 2909 1521 2950 20

421 2999 539 3080 servis,
567 3021 661 3068 nunc
683 2998 758 3067 fieri
780 2997 896 3068 multo
918 2999 1030 3090 magis
1051 2999 1168 3082 debet,
1187 3009 1374 3070 cormente
1393 3001 1472 3093 jam

421 3114 554 3184 mundo
593 3124 631 3183 et
668 3113 843 3183 malcrum
882 3115 1126 3185 infestantium
1166 3115 1367 3185 turbinibus
1410 3115 1474 3185 ob-

421 3253 536 3314 scss03
562 3240 603 3300 ut
621 3232 680 3322 qui
698 3232 874 3300 cernimus
892 3231 1039 3322 caepisse
1049 3231 1126 3320 jam
1143 3231 1273 3323 gravia,
1287 3239 1325 3300 et
1342 3232 1472 3302 scimus

422 3349 607 3418 imminere
636 3348 804 3440 graviore,
830 3345 968 3416 lucmm
994 3348 1191 3416 maximum
1214 3357 1472 3440 computemus,

423 3465 452 3532 si
477 3465 581 3533 istinc
607 3463 763 3532 velocius
788 3463 1004 3532 recedamus.
1057 3461 1096 3531 Si
1122 3463 1158 3532 in
1184 3462 1386 3534 habitaculo
1408 3473 1523 3550 tu025

422 3583 574 3673 parietes
592 3587 771 3649 vetustate
789 3586 965 3659 nutarent,
984 3585 1081 3647 tecta
1101 3578 1252 3669 desuper
1269 3587 1473 3664 tremerent,

424 3698 550 3767 domus
573 3699 650 3790 jam
681 3695 839 3788 fatigata,
862 3694 940 3784 jam
971 3693 1070 3775 lassa,
1100 3695 1259 3765 aedificiis
1289 3705 1475 3768 senectute

424 3811 791 3892 labentibus'ruinam
809 3811 1007 3902 proximam
1025 3811 1229 3894 minaretur,
1247 3833 1363 3882 nonne
1377 3815 1475 3883 omni

424 3927 607 4000 celeritate
624 3926 815 4020 migrares?
847 3925 886 3996 Si
903 3928 1093 4019 navigante
1114 3935 1152 3996 te
1174 3927 1317 3998 turbida
1337 3939 1374 3998 et
1395 3953 1477 4021 pro-

424 4043 554 4114 cellosa
579 4053 772 4135 tempestas
797 4043 963 4113 fluctibus
987 4042 1176 4114 violentius
1199 4045 1363 4115 excitatis
1388 4068 1530 4138 pras-30

424 4163 604 4230 nuntiaret
628 4159 749 4229 futura
774 4159 964 4253 naufragia,
991 4182 1108 4229 nonne
1133 4167 1275 4250 portum
1307 4161 1478 4231 velociter

423 4276 587 4366 peteres?
618 4275 779 4346 Mundus
805 4281 892 4346 ecce
914 4283 1018 4345 nutat
1043 4283 1081 4344 et
1107 4274 1247 4358 labitur,
1274 4285 1311 4348 et
1337 4278 1476 4348 ruinam

425 4388 478 4458 sui
505 4413 574 4459 uon
595 4392 671 4478 jam
699 4401 882 4462 senectute
909 4415 1026 4460 rerum
1053 4393 1114 4462 sed
1141 4393 1211 4462 fine
1238 4401 1409 4476 testatur;
1438 4405 1477 4464 et
