<?xml version="1.0" encoding="UTF-8"?>
<!DOCTYPE html PUBLIC "-//W3C//DTD XHTML 1.0 Transitional//EN"
    "http://www.w3.org/TR/xhtml1/DTD/xhtml1-transitional.dtd">
<html xmlns="http://www.w3.org/1999/xhtml" xml:lang="en" lang="en">
 <head>
  <title>
</title>
<meta http-equiv="Content-Type" content="text/html;charset=utf-8" />
  <meta name='ocr-system' content='tesseract 3.04.00' />
  <meta name='ocr-capabilities' content='ocr_page ocr_carea ocr_par ocr_line ocrx_word'/>
</head>
<body>
  <div class='ocr_page' id='page_1' title='image "./scriptorumeccle00routgoog_0056.png"; bbox 0 0 3310 5224; ppageno 0'>
   <div class='ocr_carea' id='block_1_1' title="bbox 357 432 1253 504">
    <p class='ocr_par' dir='ltr' id='par_1_1' title="bbox 357 432 1253 504">
     <span class='ocr_line' id='line_1_1' title="bbox 357 432 1253 504; baseline 0.001 -3"><span class='ocrx_word' id='word_1_1' title='bbox 357 432 738 501; x_wconf 77' lang='lat' dir='ltr'>A&#39;NNO&#39;I&#39;ATIONES</span> <span class='ocrx_word' id='word_1_2' title='bbox 762 434 812 498; x_wconf 93' lang='lat' dir='ltr'><strong>IN</strong></span> <span class='ocrx_word' id='word_1_3' title='bbox 837 433 1020 498; x_wconf 85' lang='lat' dir='ltr'><strong>FRAGM.</strong></span> <span class='ocrx_word' id='word_1_4' title='bbox 1045 436 1101 497; x_wconf 73' lang='lat' dir='ltr'><strong>lto.</strong></span> <span class='ocrx_word' id='word_1_5' title='bbox 1210 433 1253 504; x_wconf 81' lang='lat'><strong>39</strong></span> 
     </span>
    </p>
   </div>
   <div class='ocr_carea' id='block_1_2' title="bbox 202 604 1256 2752">
    <p class='ocr_par' dir='ltr' id='par_1_2' title="bbox 202 604 1256 1530">
     <span class='ocr_line' id='line_1_2' title="bbox 207 604 1252 693; baseline 0.004 -23"><span class='ocrx_word' id='word_1_6' title='bbox 207 627 255 693; x_wconf 85' lang='lat'><strong>15.</strong></span> <span class='ocrx_word' id='word_1_7' title='bbox 272 607 437 686; x_wconf 74' lang='lat' dir='ltr'><strong>Eusebiae,</strong></span> <span class='ocrx_word' id='word_1_8' title='bbox 454 605 519 673; x_wconf 82' lang='lat' dir='ltr'><strong>Olb’</strong></span> <span class='ocrx_word' id='word_1_9' title='bbox 531 607 589 670; x_wconf 63' lang='lat' dir='ltr'><strong>vdul</strong></span> <span class='ocrx_word' id='word_1_10' title='bbox 610 605 722 687; x_wconf 77' lang='grc' dir='ltr'>Ῥώμης</span> <span class='ocrx_word' id='word_1_11' title='bbox 742 607 881 688; x_wconf 76' lang='grc' dir='ltr'>ἤκμαζον,</span> <span class='ocrx_word' id='word_1_12' title='bbox 902 604 945 671; x_wconf 76' lang='lat' dir='ltr'><strong>du</strong></span> <span class='ocrx_word' id='word_1_13' title='bbox 966 607 1065 688; x_wconf 81' lang='grc' dir='ltr'>ἡγεῖτο</span> <span class='ocrx_word' id='word_1_14' title='bbox 1088 611 1252 688; x_wconf 83' lang='grc' dir='ltr'>Φλωρῖνος,</span> 
     </span>
     <span class='ocr_line' id='line_1_3' title="bbox 202 692 1252 778; baseline -0.002 -20"><span class='ocrx_word' id='word_1_15' title='bbox 202 697 418 777; x_wconf 75' lang='grc' dir='ltr'>πρεσβυτερίου</span> <span class='ocrx_word' id='word_1_16' title='bbox 433 698 484 772; x_wconf 74' lang='grc' dir='ltr'><strong>τῆς</strong></span> <span class='ocrx_word' id='word_1_17' title='bbox 499 695 657 772; x_wconf 77' lang='grc' dir='ltr'>ἐκκλησίας</span> <span class='ocrx_word' id='word_1_18' title='bbox 671 695 842 758; x_wconf 84' lang='grc' dir='ltr'>ἆποπεσών.</span> <span class='ocrx_word' id='word_1_19' title='bbox 891 692 1029 758; x_wconf 86' lang='grc' dir='ltr'>Βλαστός</span> <span class='ocrx_word' id='word_1_20' title='bbox 1043 717 1076 756; x_wconf 94' lang='grc' dir='ltr'><strong>τε</strong></span> <span class='ocrx_word' id='word_1_21' title='bbox 1091 693 1252 778; x_wconf 68' lang='grc' dir='ltr'>οὖντούτῳ</span> 
     </span>
     <span class='ocr_line' id='line_1_4' title="bbox 203 779 1254 865; baseline 0.002 -22"><span class='ocrx_word' id='word_1_22' title='bbox 203 782 401 865; x_wconf 77' lang='grc' dir='ltr'>παραπλησίῳ</span> <span class='ocrx_word' id='word_1_23' title='bbox 412 779 545 858; x_wconf 86' lang='grc' dir='ltr'>πτώματι</span> <span class='ocrx_word' id='word_1_24' title='bbox 556 779 785 862; x_wconf 74' lang='grc' dir='ltr'>κατεσχημένος·</span> <span class='ocrx_word' id='word_1_25' title='bbox 802 780 831 843; x_wconf 83' lang='lat' dir='ltr'><strong>ol</strong></span> <span class='ocrx_word' id='word_1_26' title='bbox 841 780 888 842; x_wconf 82' lang='grc' dir='ltr'><strong>καὶ</strong></span> <span class='ocrx_word' id='word_1_27' title='bbox 899 780 1020 844; x_wconf 85' lang='grc' dir='ltr'>πλείους</span> <span class='ocrx_word' id='word_1_28' title='bbox 1033 782 1084 857; x_wconf 80' lang='grc' dir='ltr'><strong>τῆς</strong></span> <span class='ocrx_word' id='word_1_29' title='bbox 1096 781 1254 858; x_wconf 77' lang='grc' dir='ltr'>ἐκκλησίας</span> 
     </span>
     <span class='ocr_line' id='line_1_5' title="bbox 203 861 1252 947; baseline 0.001 -19"><span class='ocrx_word' id='word_1_30' title='bbox 203 865 411 947; x_wconf 81' lang='grc' dir='ltr'>περιίλκοντες</span> <span class='ocrx_word' id='word_1_31' title='bbox 425 865 474 929; x_wconf 78' lang='grc' dir='ltr'><strong>ἐπὶ</strong></span> <span class='ocrx_word' id='word_1_32' title='bbox 489 865 523 928; x_wconf 86' lang='grc' dir='ltr'><strong>τὸ</strong></span> <span class='ocrx_word' id='word_1_33' title='bbox 538 871 625 946; x_wconf 81' lang='grc' dir='ltr'>σφῶν</span> <span class='ocrx_word' id='word_1_34' title='bbox 639 868 753 946; x_wconf 72' lang='grc' dir='ltr'>ὑπῆγον</span> <span class='ocrx_word' id='word_1_35' title='bbox 767 867 916 945; x_wconf 80' lang='grc' dir='ltr'>βούλημα·</span> <span class='ocrx_word' id='word_1_36' title='bbox 942 861 1064 944; x_wconf 78' lang='grc' dir='ltr'>θάτερος</span> <span class='ocrx_word' id='word_1_37' title='bbox 1086 865 1165 932; x_wconf 77' lang='grc' dir='ltr'>ἰδίως</span> <span class='ocrx_word' id='word_1_38' title='bbox 1185 866 1252 946; x_wconf 79' lang='grc' dir='ltr'>περὶ</span> 
     </span>
     <span class='ocr_line' id='line_1_6' title="bbox 203 949 1254 1033; baseline -0.001 -19"><span class='ocrx_word' id='word_1_39' title='bbox 203 951 257 1028; x_wconf 72' lang='grc' dir='ltr'><strong>τὴν</strong></span> <span class='ocrx_word' id='word_1_40' title='bbox 286 952 430 1031; x_wconf 82' lang='grc' dir='ltr'>ἆληθείαν</span> <span class='ocrx_word' id='word_1_41' title='bbox 460 951 641 1032; x_wconf 78' lang='grc' dir='ltr'>νεωτερίζειν</span> <span class='ocrx_word' id='word_1_42' title='bbox 668 953 859 1033; x_wconf 83' lang='grc' dir='ltr'>πειρώμενος.</span> <span class='ocrx_word' id='word_1_43' title='bbox 920 950 968 1014; x_wconf 86' lang='lat' dir='ltr'><strong>At</strong></span> <span class='ocrx_word' id='word_1_44' title='bbox 998 971 1072 1014; x_wconf 83' lang='lat' dir='ltr'><strong>vero</strong></span> <span class='ocrx_word' id='word_1_45' title='bbox 1108 949 1254 1014; x_wconf 85' lang='lat' dir='ltr'><strong>Blastum</strong></span> 
     </span>
     <span class='ocr_line' id='line_1_7' title="bbox 207 1036 1256 1122; baseline 0 -24"><span class='ocrx_word' id='word_1_46' title='bbox 207 1043 341 1122; x_wconf 88' lang='lat' dir='ltr'><strong>prepter</strong></span> <span class='ocrx_word' id='word_1_47' title='bbox 359 1037 566 1122; x_wconf 75' lang='lat' dir='ltr'><strong>quastionem</strong></span> <span class='ocrx_word' id='word_1_48' title='bbox 588 1037 629 1099; x_wconf 93' lang='lat' dir='ltr'><strong>de</strong></span> <span class='ocrx_word' id='word_1_49' title='bbox 645 1036 771 1121; x_wconf 82' lang='lat' dir='ltr'><strong>paschae</strong></span> <span class='ocrx_word' id='word_1_50' title='bbox 785 1044 929 1122; x_wconf 89' lang='lat' dir='ltr'><strong>tempore</strong></span> <span class='ocrx_word' id='word_1_51' title='bbox 951 1041 1055 1100; x_wconf 86' lang='lat' dir='ltr'><strong>ortam</strong></span> <span class='ocrx_word' id='word_1_52' title='bbox 1074 1057 1163 1099; x_wconf 90' lang='lat' dir='ltr'><strong>reum</strong></span> <span class='ocrx_word' id='word_1_53' title='bbox 1185 1058 1256 1099; x_wconf 88' lang='lat' dir='ltr'><strong>eva-</strong></span> 
     </span>
     <span class='ocr_line' id='line_1_8' title="bbox 209 1121 1254 1207; baseline 0.002 -23"><span class='ocrx_word' id='word_1_54' title='bbox 209 1122 285 1187; x_wconf 87' lang='lat' dir='ltr'><strong>sisse</strong></span> <span class='ocrx_word' id='word_1_55' title='bbox 296 1122 475 1188; x_wconf 74' lang='lat' dir='ltr'><strong>schismatis</strong></span> <span class='ocrx_word' id='word_1_56' title='bbox 484 1123 591 1207; x_wconf 90' lang='lat' dir='ltr'><strong>potius</strong></span> <span class='ocrx_word' id='word_1_57' title='bbox 606 1144 702 1206; x_wconf 89' lang='lat' dir='ltr'><strong>quam</strong></span> <span class='ocrx_word' id='word_1_58' title='bbox 716 1122 854 1200; x_wconf 85' lang='lat' dir='ltr'><strong>hoeresis,</strong></span> <span class='ocrx_word' id='word_1_59' title='bbox 868 1123 1008 1188; x_wconf 80' lang='lat' dir='ltr'><strong>ostendit</strong></span> <span class='ocrx_word' id='word_1_60' title='bbox 1023 1122 1127 1206; x_wconf 88' lang='lat' dir='ltr'><strong>capite</strong></span> <span class='ocrx_word' id='word_1_61' title='bbox 1141 1121 1254 1186; x_wconf 89' lang='lat' dir='ltr'><strong>ultimo</strong></span> 
     </span>
     <span class='ocr_line' id='line_1_9' title="bbox 205 1207 1254 1294; baseline 0.001 -23"><span class='ocrx_word' id='word_1_62' title='bbox 205 1215 319 1273; x_wconf 89' lang='lat' dir='ltr'><strong>auctor</strong></span> <span class='ocrx_word' id='word_1_63' title='bbox 333 1207 430 1273; x_wconf 85' lang='lat' dir='ltr'><strong>libelli</strong></span> <span class='ocrx_word' id='word_1_64' title='bbox 446 1209 562 1272; x_wconf 78' lang='lat' dir='ltr'><em>Contra</em></span> <span class='ocrx_word' id='word_1_65' title='bbox 576 1208 742 1272; x_wconf 80' lang='lat' dir='ltr'><strong>Hoereticeo</strong></span> <span class='ocrx_word' id='word_1_66' title='bbox 759 1209 845 1294; x_wconf 90' lang='lat' dir='ltr'><strong>apud</strong></span> <span class='ocrx_word' id='word_1_67' title='bbox 859 1208 1089 1273; x_wconf 75' lang='lat' dir='ltr'><strong>Tertullianum</strong></span> <span class='ocrx_word' id='word_1_68' title='bbox 1104 1208 1254 1273; x_wconf 80' lang='lat' dir='ltr'><strong>extantia.</strong></span> 
     </span>
     <span class='ocr_line' id='line_1_10' title="bbox 205 1293 1254 1378; baseline 0.002 -22"><span class='ocrx_word' id='word_1_69' title='bbox 205 1294 424 1358; x_wconf 78' lang='lat' dir='ltr'><strong>&#39;l&#39;heodoretus</strong></span> <span class='ocrx_word' id='word_1_70' title='bbox 439 1294 566 1378; x_wconf 88' lang='lat' dir='ltr'><strong>quidem</strong></span> <span class='ocrx_word' id='word_1_71' title='bbox 580 1294 614 1356; x_wconf 91' lang='lat' dir='ltr'><strong>in</strong></span> <span class='ocrx_word' id='word_1_72' title='bbox 632 1295 748 1358; x_wconf 69' lang='lat' dir='ltr'><strong>Harrei.</strong></span> <span class='ocrx_word' id='word_1_73' title='bbox 764 1293 843 1359; x_wconf 80' lang='lat' dir='ltr'><strong>Feb.</strong></span> <span class='ocrx_word' id='word_1_74' title='bbox 861 1295 914 1358; x_wconf 94' lang='lat' dir='ltr'><strong>lib.</strong></span> <span class='ocrx_word' id='word_1_75' title='bbox 932 1294 958 1357; x_wconf 93' lang='grc' dir='ltr'><strong>Ι.</strong></span> <span class='ocrx_word' id='word_1_76' title='bbox 977 1317 1004 1358; x_wconf 92' lang='lat' dir='ltr'><strong>c.</strong></span> <span class='ocrx_word' id='word_1_77' title='bbox 1022 1311 1072 1378; x_wconf 83' lang='lat'><strong>23.</strong></span> <span class='ocrx_word' id='word_1_78' title='bbox 1088 1315 1160 1358; x_wconf 89' lang='lat' dir='ltr'><strong>oum</strong></span> <span class='ocrx_word' id='word_1_79' title='bbox 1182 1316 1254 1358; x_wconf 88' lang='lat' dir='ltr'><strong>cum</strong></span> 
     </span>
     <span class='ocr_line' id='line_1_11' title="bbox 206 1379 1254 1455; baseline 0.002 -13"><span class='ocrx_word' id='word_1_80' title='bbox 206 1379 335 1444; x_wconf 91' lang='lat' dir='ltr'><strong>Florino</strong></span> <span class='ocrx_word' id='word_1_81' title='bbox 357 1379 390 1443; x_wconf 92' lang='lat' dir='ltr'><strong>in</strong></span> <span class='ocrx_word' id='word_1_82' title='bbox 406 1379 665 1444; x_wconf 72' lang='lat' dir='ltr'><strong>Valentinianum</strong></span> <span class='ocrx_word' id='word_1_83' title='bbox 687 1380 833 1444; x_wconf 83' lang='lat' dir='ltr'><strong>haercsim</strong></span> <span class='ocrx_word' id='word_1_84' title='bbox 858 1381 1031 1446; x_wconf 85' lang='lat' dir='ltr'><strong>declinasse</strong></span> <span class='ocrx_word' id='word_1_85' title='bbox 1055 1379 1112 1455; x_wconf 88' lang='lat' dir='ltr'><strong>ait,</strong></span> <span class='ocrx_word' id='word_1_86' title='bbox 1136 1380 1191 1444; x_wconf 88' lang='lat' dir='ltr'><strong>sed</strong></span> <span class='ocrx_word' id='word_1_87' title='bbox 1213 1381 1254 1444; x_wconf 91' lang='lat' dir='ltr'><strong>de</strong></span> 
     </span>
     <span class='ocr_line' id='line_1_12' title="bbox 205 1464 741 1530; baseline 0.002 -1"><span class='ocrx_word' id='word_1_88' title='bbox 205 1464 265 1529; x_wconf 86' lang='lat' dir='ltr'><strong>hac</strong></span> <span class='ocrx_word' id='word_1_89' title='bbox 280 1486 314 1530; x_wconf 88' lang='lat' dir='ltr'><strong>re</strong></span> <span class='ocrx_word' id='word_1_90' title='bbox 329 1465 419 1530; x_wconf 89' lang='lat' dir='ltr'><strong>silere</strong></span> <span class='ocrx_word' id='word_1_91' title='bbox 435 1465 561 1529; x_wconf 85' lang='lat' dir='ltr'><strong>videtur</strong></span> <span class='ocrx_word' id='word_1_92' title='bbox 576 1465 741 1530; x_wconf 87' lang='lat' dir='ltr'><strong>Eusebius.</strong></span> 
     </span>
    </p>

    <p class='ocr_par' dir='ltr' id='par_1_3' title="bbox 206 1551 1256 2752">
     <span class='ocr_line' id='line_1_13' title="bbox 249 1551 1252 1652; baseline 0 -38"><span class='ocrx_word' id='word_1_93' title='bbox 249 1551 287 1615; x_wconf 94' lang='lat' dir='ltr'><strong>P.</strong></span> <span class='ocrx_word' id='word_1_94' title='bbox 313 1571 365 1652; x_wconf 72' lang='lat'><strong>35.</strong></span> <span class='ocrx_word' id='word_1_95' title='bbox 395 1551 416 1615; x_wconf 93' lang='lat' dir='ltr'><strong>l.</strong></span> <span class='ocrx_word' id='word_1_96' title='bbox 446 1571 477 1636; x_wconf 85' lang='lat'><strong>5.</strong></span> <span class='ocrx_word' id='word_1_97' title='bbox 507 1556 643 1616; x_wconf 84' lang='grc' dir='ltr'><strong>ΤΑΎΤΑ</strong></span> <span class='ocrx_word' id='word_1_98' title='bbox 673 1555 711 1616; x_wconf 79' lang='grc' dir='ltr'><strong>τὰ</strong></span> <span class='ocrx_word' id='word_1_99' title='bbox 739 1553 874 1633; x_wconf 78' lang='grc' dir='ltr'>δόγματα</span> <span class='ocrx_word' id='word_1_100' title='bbox 903 1553 973 1638; x_wconf 84' lang='lat' dir='ltr'><strong>&amp;o.]</strong></span> <span class='ocrx_word' id='word_1_101' title='bbox 1000 1551 1252 1637; x_wconf 63' lang='lat' dir='ltr'><strong>“Condiscipulh</strong></span> 
     </span>
     <span class='ocr_line' id='line_1_14' title="bbox 206 1636 1252 1722; baseline 0 -22"><span class='ocrx_word' id='word_1_102' title='bbox 206 1643 225 1671; x_wconf 88' lang='lat'><strong>“</strong></span> <span class='ocrx_word' id='word_1_103' title='bbox 243 1636 395 1720; x_wconf 84' lang='lat' dir='ltr'><strong>(Flormi)</strong></span> <span class='ocrx_word' id='word_1_104' title='bbox 423 1659 517 1721; x_wconf 89' lang='lat' dir='ltr'><strong>quem</strong></span> <span class='ocrx_word' id='word_1_105' title='bbox 546 1637 632 1722; x_wconf 90' lang='lat' dir='ltr'><strong>apud</strong></span> <span class='ocrx_word' id='word_1_106' title='bbox 662 1637 874 1722; x_wconf 85' lang='lat' dir='ltr'><strong>Polycarpum</strong></span> <span class='ocrx_word' id='word_1_107' title='bbox 903 1637 1025 1702; x_wconf 88' lang='lat' dir='ltr'><strong>viderat</strong></span> <span class='ocrx_word' id='word_1_108' title='bbox 1050 1645 1252 1721; x_wconf 71' lang='lat' dir='ltr'><strong>nescietque,</strong></span> 
     </span>
     <span class='ocr_line' id='line_1_15' title="bbox 206 1722 1254 1806; baseline 0 -20"><span class='ocrx_word' id='word_1_109' title='bbox 206 1727 225 1758; x_wconf 88' lang='lat'>“</span> <span class='ocrx_word' id='word_1_110' title='bbox 241 1743 348 1786; x_wconf 88' lang='lat' dir='ltr'><strong>casum</strong></span> <span class='ocrx_word' id='word_1_111' title='bbox 369 1722 480 1787; x_wconf 92' lang='lat' dir='ltr'><strong>dolens</strong></span> <span class='ocrx_word' id='word_1_112' title='bbox 502 1723 652 1800; x_wconf 87' lang='lat' dir='ltr'><strong>Irenaeus,</strong></span> <span class='ocrx_word' id='word_1_113' title='bbox 675 1745 809 1806; x_wconf 87' lang='lat' dir='ltr'><strong>eumque</strong></span> <span class='ocrx_word' id='word_1_114' title='bbox 832 1723 874 1786; x_wconf 89' lang='lat' dir='ltr'><strong>ab</strong></span> <span class='ocrx_word' id='word_1_115' title='bbox 900 1745 1007 1787; x_wconf 88' lang='lat' dir='ltr'><strong>errore</strong></span> <span class='ocrx_word' id='word_1_116' title='bbox 1030 1744 1178 1786; x_wconf 87' lang='lat' dir='ltr'><strong>revocare</strong></span> <span class='ocrx_word' id='word_1_117' title='bbox 1202 1745 1254 1786; x_wconf 92' lang='lat' dir='ltr'><strong>ou-</strong></span> 
     </span>
     <span class='ocr_line' id='line_1_16' title="bbox 207 1807 990 1974; baseline -0.015 -1"><span class='ocrx_word' id='word_1_118' title='bbox 207 1813 227 1931; x_wconf 80' lang='lat' dir='ltr'><strong>:z</strong></span> <span class='ocrx_word' id='word_1_119' title='bbox 241 1807 343 1973; x_wconf 65' lang='lat' dir='ltr'><strong>ltu</strong></span> <span class='ocrx_word' id='word_1_120' title='bbox 355 1808 990 1974; x_wconf 51' lang='lat' dir='ltr'><strong>uitassetsciurus</strong></span> 
     </span>
     <span class='ocr_line' id='line_1_17' title="bbox 206 1921 1255 2065; baseline 0.001 -22"><span class='ocrx_word' id='word_1_121' title='bbox 206 1985 226 2016; x_wconf 76' lang='lat'><strong>‘⁶</strong></span> <span class='ocrx_word' id='word_1_122' title='bbox 241 1921 411 2065; x_wconf 70' lang='lat' dir='ltr'><strong>sive,qu</strong></span> <span class='ocrx_word' id='word_1_123' title='bbox 423 1922 508 2044; x_wconf 63' lang='lat' dir='ltr'><strong>liesca</strong></span> <span class='ocrx_word' id='word_1_124' title='bbox 521 2002 580 2044; x_wconf 78' lang='lat' dir='ltr'><strong>aaa</strong></span> <span class='ocrx_word' id='word_1_125' title='bbox 593 1981 635 2044; x_wconf 76' lang='lat' dir='ltr'><strong>sit</strong></span> <span class='ocrx_word' id='word_1_126' title='bbox 648 1979 783 2044; x_wconf 71' lang='lat' dir='ltr'><strong>mediter</strong></span> <span class='ocrx_word' id='word_1_127' title='bbox 796 1980 953 2044; x_wconf 73' lang='lat' dir='ltr'><strong>malonem.</strong></span> <span class='ocrx_word' id='word_1_128' title='bbox 997 1981 1114 2058; x_wconf 77' lang='grc' dir='ltr'>Ταύτης</span> <span class='ocrx_word' id='word_1_129' title='bbox 1131 1977 1189 2061; x_wconf 80' lang='grc' dir='ltr'><strong>γάρ</strong></span> <span class='ocrx_word' id='word_1_130' title='bbox 1209 2005 1255 2044; x_wconf 82' lang='grc' dir='ltr'><strong>τοι</strong></span> 
     </span>
     <span class='ocr_line' id='line_1_18' title="bbox 207 2065 1255 2148; baseline -0.002 -17"><span class='ocrx_word' id='word_1_131' title='bbox 207 2071 226 2102; x_wconf 89' lang='lat'>“</span> <span class='ocrx_word' id='word_1_132' title='bbox 241 2069 293 2143; x_wconf 75' lang='grc' dir='ltr'><strong>τῆς</strong></span> <span class='ocrx_word' id='word_1_133' title='bbox 314 2067 440 2146; x_wconf 88' lang='grc' dir='ltr'>γνώμης,</span> <span class='ocrx_word' id='word_1_134' title='bbox 456 2066 547 2131; x_wconf 82' lang='lat' dir='ltr'><strong>addit</strong></span> <span class='ocrx_word' id='word_1_135' title='bbox 563 2065 729 2143; x_wconf 82' lang='lat' dir='ltr'><strong>Eusebius,</strong></span> <span class='ocrx_word' id='word_1_136' title='bbox 745 2066 830 2132; x_wconf 73' lang='grc' dir='ltr'>οὗτος</span> <span class='ocrx_word' id='word_1_137' title='bbox 852 2067 948 2130; x_wconf 78' lang='grc' dir='ltr'>ἐδόκει</span> <span class='ocrx_word' id='word_1_138' title='bbox 969 2066 1171 2148; x_wconf 73' lang='grc' dir='ltr'>προασπίζειν,</span> <span class='ocrx_word' id='word_1_139' title='bbox 1188 2087 1255 2129; x_wconf 83' lang='lat' dir='ltr'><strong>earn</strong></span> 
     </span>
     <span class='ocr_line' id='line_1_19' title="bbox 206 2150 1255 2237; baseline 0 -23"><span class='ocrx_word' id='word_1_140' title='bbox 206 2151 322 2214; x_wconf 83' lang='lat' dir='ltr'><strong>“enim</strong></span> <span class='ocrx_word' id='word_1_141' title='bbox 384 2151 587 2216; x_wconf 73' lang='lat' dir='ltr'><strong>incensatio</strong></span> <span class='ocrx_word' id='word_1_142' title='bbox 611 2152 770 2237; x_wconf 79' lang='lat' dir='ltr'><strong>defendere</strong></span> <span class='ocrx_word' id='word_1_143' title='bbox 795 2150 963 2216; x_wconf 68' lang='lat' dir='ltr'><strong>oidedmar.</strong></span> <span class='ocrx_word' id='word_1_144' title='bbox 1020 2152 1099 2232; x_wconf 55' lang='grc' dir='ltr'><strong>(ηοω</strong></span> <span class='ocrx_word' id='word_1_145' title='bbox 1128 2150 1255 2234; x_wconf 88' lang='lat' dir='ltr'><strong>quidem</strong></span> 
     </span>
     <span class='ocr_line' id='line_1_20' title="bbox 206 2173 1254 2322; baseline 0 -22"><span class='ocrx_word' id='word_1_146' title='bbox 206 2243 227 2274; x_wconf 87' lang='lat'>“</span> <span class='ocrx_word' id='word_1_147' title='bbox 241 2236 287 2300; x_wconf 90' lang='lat' dir='ltr'><strong>sio</strong></span> <span class='ocrx_word' id='word_1_148' title='bbox 302 2173 439 2321; x_wconf 53' lang='lat' dir='ltr'><strong>explieat</strong></span> <span class='ocrx_word' id='word_1_149' title='bbox 455 2237 498 2301; x_wconf 94' lang='lat' dir='ltr'><strong>H.</strong></span> <span class='ocrx_word' id='word_1_150' title='bbox 512 2237 668 2315; x_wconf 85' lang='lat' dir='ltr'><strong>Valesius,</strong></span> <span class='ocrx_word' id='word_1_151' title='bbox 681 2236 770 2322; x_wconf 89' lang='lat' dir='ltr'><strong>qnasi</strong></span> <span class='ocrx_word' id='word_1_152' title='bbox 783 2237 931 2301; x_wconf 90' lang='lat' dir='ltr'><strong>Florinus</strong></span> <span class='ocrx_word' id='word_1_153' title='bbox 948 2235 1121 2301; x_wconf 87' lang='lat' dir='ltr'><strong>Marcionis</strong></span> <span class='ocrx_word' id='word_1_154' title='bbox 1136 2243 1169 2300; x_wconf 87' lang='lat' dir='ltr'><strong>et</strong></span> <span class='ocrx_word' id='word_1_155' title='bbox 1180 2237 1254 2301; x_wconf 82' lang='lat' dir='ltr'><strong>Ger-</strong></span> 
     </span>
     <span class='ocr_line' id='line_1_21' title="bbox 207 2321 1254 2409; baseline 0.003 -25"><span class='ocrx_word' id='word_1_156' title='bbox 207 2329 226 2360; x_wconf 90' lang='lat'>“</span> <span class='ocrx_word' id='word_1_157' title='bbox 242 2323 333 2385; x_wconf 91' lang='lat' dir='ltr'><strong>donis</strong></span> <span class='ocrx_word' id='word_1_158' title='bbox 344 2322 545 2409; x_wconf 86' lang='lat' dir='ltr'><strong>dogmatibus</strong></span> <span class='ocrx_word' id='word_1_159' title='bbox 560 2323 735 2401; x_wconf 85' lang='lat' dir='ltr'><strong>adhaerens,</strong></span> <span class='ocrx_word' id='word_1_160' title='bbox 748 2323 811 2386; x_wconf 92' lang='lat' dir='ltr'><strong>due</strong></span> <span class='ocrx_word' id='word_1_161' title='bbox 822 2323 976 2408; x_wconf 88' lang='lat' dir='ltr'><strong>principia</strong></span> <span class='ocrx_word' id='word_1_162' title='bbox 987 2321 1166 2399; x_wconf 87' lang='lat' dir='ltr'><strong>invexisset,</strong></span> <span class='ocrx_word' id='word_1_163' title='bbox 1176 2323 1254 2387; x_wconf 88' lang='lat' dir='ltr'><strong>alte-</strong></span> 
     </span>
     <span class='ocr_line' id='line_1_22' title="bbox 207 2407 1255 2495; baseline 0.001 -24"><span class='ocrx_word' id='word_1_164' title='bbox 207 2415 227 2446; x_wconf 81' lang='lat'>“</span> <span class='ocrx_word' id='word_1_165' title='bbox 241 2429 313 2472; x_wconf 89' lang='lat' dir='ltr'><strong>rum</strong></span> <span class='ocrx_word' id='word_1_166' title='bbox 327 2408 491 2487; x_wconf 90' lang='lat' dir='ltr'><strong>bonorum,</strong></span> <span class='ocrx_word' id='word_1_167' title='bbox 503 2410 639 2473; x_wconf 87' lang='lat' dir='ltr'><strong>alterum</strong></span> <span class='ocrx_word' id='word_1_168' title='bbox 653 2409 809 2473; x_wconf 87' lang='lat' dir='ltr'><strong>malorum</strong></span> <span class='ocrx_word' id='word_1_169' title='bbox 823 2415 996 2473; x_wconf 86' lang='lat' dir='ltr'><strong>auctorem.</strong></span> <span class='ocrx_word' id='word_1_170' title='bbox 1020 2407 1084 2473; x_wconf 89' lang='lat' dir='ltr'><strong>Sed</strong></span> <span class='ocrx_word' id='word_1_171' title='bbox 1097 2416 1255 2495; x_wconf 88' lang='lat' dir='ltr'><strong>repugnat</strong></span> 
     </span>
     <span class='ocr_line' id='line_1_23' title="bbox 207 2492 1256 2580; baseline 0.001 -23"><span class='ocrx_word' id='word_1_172' title='bbox 207 2501 227 2531; x_wconf 88' lang='lat'>“</span> <span class='ocrx_word' id='word_1_173' title='bbox 243 2492 382 2558; x_wconf 85' lang='lat' dir='ltr'><strong>Irenaeus</strong></span> <span class='ocrx_word' id='word_1_174' title='bbox 407 2495 555 2572; x_wconf 88' lang='lat' dir='ltr'><strong>scribens,</strong></span> <span class='ocrx_word' id='word_1_175' title='bbox 582 2494 702 2559; x_wconf 88' lang='lat' dir='ltr'><strong>Florini</strong></span> <span class='ocrx_word' id='word_1_176' title='bbox 725 2495 865 2580; x_wconf 72' lang='grc' dir='ltr'>ώορτναία</span> <span class='ocrx_word' id='word_1_177' title='bbox 889 2517 927 2558; x_wconf 78' lang='lat' dir='ltr'><strong>ne</strong></span> <span class='ocrx_word' id='word_1_178' title='bbox 954 2495 1077 2580; x_wconf 78' lang='lat' dir='ltr'><strong>quidem</strong></span> <span class='ocrx_word' id='word_1_179' title='bbox 1104 2493 1256 2558; x_wconf 71' lang='lat' dir='ltr'><strong>bareliaca</strong></span> 
     </span>
     <span class='ocr_line' id='line_1_24' title="bbox 208 2581 1253 2666; baseline 0 -23"><span class='ocrx_word' id='word_1_180' title='bbox 208 2586 229 2617; x_wconf 83' lang='lat'>“</span> <span class='ocrx_word' id='word_1_181' title='bbox 242 2589 328 2644; x_wconf 77' lang='lat' dir='ltr'><strong>cetra</strong></span> <span class='ocrx_word' id='word_1_182' title='bbox 359 2581 513 2644; x_wconf 74' lang='lat' dir='ltr'><strong>ecolesimo</strong></span> <span class='ocrx_word' id='word_1_183' title='bbox 541 2581 654 2666; x_wconf 79' lang='lat' dir='ltr'><strong>positos</strong></span> <span class='ocrx_word' id='word_1_184' title='bbox 682 2583 826 2666; x_wconf 82' lang='lat' dir='ltr'><strong>preferre</strong></span> <span class='ocrx_word' id='word_1_185' title='bbox 857 2603 992 2666; x_wconf 80' lang='lat' dir='ltr'><strong>aequam</strong></span> <span class='ocrx_word' id='word_1_186' title='bbox 1027 2600 1114 2644; x_wconf 77' lang='lat' dir='ltr'><strong>cases</strong></span> <span class='ocrx_word' id='word_1_187' title='bbox 1140 2581 1253 2664; x_wconf 64' lang='lat' dir='ltr'><strong>fecsse.</strong></span> 
     </span>
     <span class='ocr_line' id='line_1_25' title="bbox 208 2665 1254 2752; baseline 0 -23"><span class='ocrx_word' id='word_1_188' title='bbox 208 2671 229 2704; x_wconf 86' lang='lat'>“</span> <span class='ocrx_word' id='word_1_189' title='bbox 244 2666 379 2730; x_wconf 84' lang='lat' dir='ltr'><strong>Gravior</strong></span> <span class='ocrx_word' id='word_1_190' title='bbox 400 2667 499 2752; x_wconf 85' lang='lat' dir='ltr'><strong>igitur</strong></span> <span class='ocrx_word' id='word_1_191' title='bbox 519 2688 615 2752; x_wconf 87' lang='lat' dir='ltr'><strong>quam</strong></span> <span class='ocrx_word' id='word_1_192' title='bbox 635 2665 788 2730; x_wconf 79' lang='lat' dir='ltr'><strong>Cerdonis</strong></span> <span class='ocrx_word' id='word_1_193' title='bbox 805 2689 842 2731; x_wconf 88' lang='lat' dir='ltr'><strong>ao</strong></span> <span class='ocrx_word' id='word_1_194' title='bbox 859 2666 1033 2732; x_wconf 89' lang='lat' dir='ltr'><strong>Marcionis</strong></span> <span class='ocrx_word' id='word_1_195' title='bbox 1047 2673 1118 2730; x_wconf 92' lang='lat' dir='ltr'><strong>erat</strong></span> <span class='ocrx_word' id='word_1_196' title='bbox 1134 2665 1254 2730; x_wconf 89' lang='lat' dir='ltr'><strong>Florini</strong></span> 
     </span>
    </p>
   </div>
   <div class='ocr_carea' id='block_1_3' title="bbox 208 2751 1253 2900">
    <p class='ocr_par' dir='ltr' id='par_1_4' title="bbox 208 2751 1253 2900">
     <span class='ocr_line' id='line_1_26' title="bbox 208 2751 1253 2900; baseline 0.001 -87"><span class='ocrx_word' id='word_1_197' title='bbox 208 2758 229 2789; x_wconf 77' lang='lat'><strong>‘⁶</strong></span> <span class='ocrx_word' id='word_1_198' title='bbox 243 2771 351 2826; x_wconf 82' lang='lat' dir='ltr'><strong>error;</strong></span> <span class='ocrx_word' id='word_1_199' title='bbox 374 2773 413 2816; x_wconf 88' lang='lat' dir='ltr'><strong>ac</strong></span> <span class='ocrx_word' id='word_1_200' title='bbox 427 2751 559 2900; x_wconf 89' lang='lat' dir='ltr'><strong>preinde</strong></span> <span class='ocrx_word' id='word_1_201' title='bbox 579 2753 613 2816; x_wconf 92' lang='lat' dir='ltr'><strong>in</strong></span> <span class='ocrx_word' id='word_1_202' title='bbox 630 2775 668 2816; x_wconf 90' lang='lat' dir='ltr'><strong>ee</strong></span> <span class='ocrx_word' id='word_1_203' title='bbox 725 2752 805 2816; x_wconf 90' lang='lat' dir='ltr'><strong>situs</strong></span> <span class='ocrx_word' id='word_1_204' title='bbox 819 2752 915 2816; x_wconf 84' lang='lat' dir='ltr'><strong>luisse</strong></span> <span class='ocrx_word' id='word_1_205' title='bbox 929 2753 1063 2830; x_wconf 89' lang='lat' dir='ltr'><strong>videtur,</strong></span> <span class='ocrx_word' id='word_1_206' title='bbox 1080 2752 1165 2836; x_wconf 89' lang='lat' dir='ltr'><strong>quod</strong></span> <span class='ocrx_word' id='word_1_207' title='bbox 1179 2774 1253 2826; x_wconf 90' lang='lat' dir='ltr'><strong>non,</strong></span> 
     </span>
    </p>
   </div>
   <div class='ocr_carea' id='block_1_4' title="bbox 208 2837 1260 4460">
    <p class='ocr_par' dir='ltr' id='par_1_5' title="bbox 208 2837 1260 4460">
     <span class='ocr_line' id='line_1_27' title="bbox 209 2837 1255 2923; baseline 0.001 -23"><span class='ocrx_word' id='word_1_208' title='bbox 209 2843 231 2876; x_wconf 90' lang='lat'>“</span> <span class='ocrx_word' id='word_1_209' title='bbox 245 2843 282 2900; x_wconf 91' lang='lat' dir='ltr'><strong>ut</strong></span> <span class='ocrx_word' id='word_1_210' title='bbox 297 2837 350 2916; x_wconf 93' lang='lat' dir='ltr'><strong>illi,</strong></span> <span class='ocrx_word' id='word_1_211' title='bbox 366 2837 430 2923; x_wconf 91' lang='lat' dir='ltr'><strong>dup</strong></span> <span class='ocrx_word' id='word_1_212' title='bbox 443 2838 522 2902; x_wconf 87' lang='lat' dir='ltr'><strong>icem</strong></span> <span class='ocrx_word' id='word_1_213' title='bbox 537 2837 650 2914; x_wconf 88' lang='lat' dir='ltr'><strong>Deum,</strong></span> <span class='ocrx_word' id='word_1_214' title='bbox 666 2860 687 2902; x_wconf 90' lang='lat' dir='ltr'><strong>a</strong></span> <span class='ocrx_word' id='word_1_215' title='bbox 698 2845 803 2902; x_wconf 87' lang='lat' dir='ltr'><strong>terum</strong></span> <span class='ocrx_word' id='word_1_216' title='bbox 824 2838 908 2915; x_wconf 89' lang='lat' dir='ltr'><strong>beni,</strong></span> <span class='ocrx_word' id='word_1_217' title='bbox 924 2838 1060 2902; x_wconf 87' lang='lat' dir='ltr'><strong>alterum</strong></span> <span class='ocrx_word' id='word_1_218' title='bbox 1082 2837 1166 2915; x_wconf 89' lang='lat' dir='ltr'><strong>mali,</strong></span> <span class='ocrx_word' id='word_1_219' title='bbox 1183 2859 1255 2901; x_wconf 89' lang='lat' dir='ltr'><strong>auc·</strong></span> 
     </span>
     <span class='ocr_line' id='line_1_28' title="bbox 208 2923 1257 3009; baseline -0.001 -22"><span class='ocrx_word' id='word_1_220' title='bbox 208 2928 229 2960; x_wconf 88' lang='lat'>“</span> <span class='ocrx_word' id='word_1_221' title='bbox 243 2929 346 2987; x_wconf 91' lang='lat' dir='ltr'><strong>torem</strong></span> <span class='ocrx_word' id='word_1_222' title='bbox 360 2923 513 3009; x_wconf 79' lang='lat' dir='ltr'><strong>fingcrot;</strong></span> <span class='ocrx_word' id='word_1_223' title='bbox 538 2924 594 2987; x_wconf 86' lang='lat' dir='ltr'><strong>sed</strong></span> <span class='ocrx_word' id='word_1_224' title='bbox 609 2924 641 2987; x_wconf 93' lang='lat' dir='ltr'><strong>in</strong></span> <span class='ocrx_word' id='word_1_225' title='bbox 656 2945 753 2986; x_wconf 91' lang='lat' dir='ltr'><strong>unum</strong></span> <span class='ocrx_word' id='word_1_226' title='bbox 769 2930 802 2988; x_wconf 91' lang='lat' dir='ltr'><strong>et</strong></span> <span class='ocrx_word' id='word_1_227' title='bbox 816 2924 962 2988; x_wconf 88' lang='lat' dir='ltr'><strong>eumdem</strong></span> <span class='ocrx_word' id='word_1_228' title='bbox 973 2924 1086 3001; x_wconf 89' lang='lat' dir='ltr'><strong>Deum,</strong></span> <span class='ocrx_word' id='word_1_229' title='bbox 1102 2930 1257 3007; x_wconf 87' lang='lat' dir='ltr'><strong>tanquam</strong></span> 
     </span>
     <span class='ocr_line' id='line_1_29' title="bbox 209 3008 1256 3094; baseline 0 -22"><span class='ocrx_word' id='word_1_230' title='bbox 209 3015 229 3046; x_wconf 90' lang='lat'>“</span> <span class='ocrx_word' id='word_1_231' title='bbox 243 3008 277 3072; x_wconf 90' lang='lat' dir='ltr'><strong>in</strong></span> <span class='ocrx_word' id='word_1_232' title='bbox 290 3031 444 3088; x_wconf 88' lang='lat' dir='ltr'><strong>caussam,</strong></span> <span class='ocrx_word' id='word_1_233' title='bbox 460 3010 545 3073; x_wconf 88' lang='lat' dir='ltr'><strong>mala</strong></span> <span class='ocrx_word' id='word_1_234' title='bbox 559 3009 666 3073; x_wconf 88' lang='lat' dir='ltr'><strong>omnia</strong></span> <span class='ocrx_word' id='word_1_235' title='bbox 680 3031 718 3073; x_wconf 90' lang='lat' dir='ltr'><strong>ac</strong></span> <span class='ocrx_word' id='word_1_236' title='bbox 733 3017 863 3094; x_wconf 87' lang='lat' dir='ltr'><strong>peccata</strong></span> <span class='ocrx_word' id='word_1_237' title='bbox 880 3010 1063 3074; x_wconf 86' lang='lat' dir='ltr'><strong>refunderet</strong></span> <span class='ocrx_word' id='word_1_238' title='bbox 1075 3035 1084 3083; x_wconf 82' lang='lat'><em>3</em></span> <span class='ocrx_word' id='word_1_239' title='bbox 1109 3010 1193 3093; x_wconf 94' lang='lat' dir='ltr'><strong>qued</strong></span> <span class='ocrx_word' id='word_1_240' title='bbox 1208 3031 1256 3073; x_wconf 81' lang='lat' dir='ltr'><strong>re·</strong></span> 
     </span>
     <span class='ocr_line' id='line_1_30' title="bbox 209 3094 1255 3180; baseline -0.001 -23"><span class='ocrx_word' id='word_1_241' title='bbox 209 3101 229 3132; x_wconf 79' lang='lat'><strong>‘⁴</strong></span> <span class='ocrx_word' id='word_1_242' title='bbox 244 3116 319 3158; x_wconf 89' lang='lat' dir='ltr'><strong>vcra</strong></span> <span class='ocrx_word' id='word_1_243' title='bbox 343 3095 446 3158; x_wconf 84' lang='lat' dir='ltr'><strong>nullus</strong></span> <span class='ocrx_word' id='word_1_244' title='bbox 471 3094 625 3160; x_wconf 83' lang='lat' dir='ltr'><strong>hactenus</strong></span> <span class='ocrx_word' id='word_1_245' title='bbox 649 3095 817 3159; x_wconf 83' lang='lat' dir='ltr'><strong>haereticus</strong></span> <span class='ocrx_word' id='word_1_246' title='bbox 845 3095 986 3180; x_wconf 84' lang='lat' dir='ltr'><strong>preferre</strong></span> <span class='ocrx_word' id='word_1_247' title='bbox 1014 3115 1111 3159; x_wconf 88' lang='lat' dir='ltr'><strong>ausus</strong></span> <span class='ocrx_word' id='word_1_248' title='bbox 1139 3095 1255 3158; x_wconf 85' lang='lat' dir='ltr'><strong>luerat.</strong></span> 
     </span>
     <span class='ocr_line' id='line_1_31' title="bbox 209 3180 1257 3266; baseline 0.001 -24"><span class='ocrx_word' id='word_1_249' title='bbox 209 3180 342 3244; x_wconf 79' lang='lat' dir='ltr'><strong>“Unde</strong></span> <span class='ocrx_word' id='word_1_250' title='bbox 367 3180 442 3245; x_wconf 89' lang='lat' dir='ltr'><strong>licet</strong></span> <span class='ocrx_word' id='word_1_251' title='bbox 463 3203 523 3266; x_wconf 89' lang='lat' dir='ltr'><strong>pro</strong></span> <span class='ocrx_word' id='word_1_252' title='bbox 547 3183 704 3266; x_wconf 75' lang='grc' dir='ltr'>μοναρχίᾳ,</span> <span class='ocrx_word' id='word_1_253' title='bbox 732 3203 787 3244; x_wconf 89' lang='lat' dir='ltr'><strong>seu</strong></span> <span class='ocrx_word' id='word_1_254' title='bbox 816 3181 961 3266; x_wconf 90' lang='lat' dir='ltr'><strong>principii</strong></span> <span class='ocrx_word' id='word_1_255' title='bbox 991 3180 1115 3244; x_wconf 89' lang='lat' dir='ltr'><strong>unitate</strong></span> <span class='ocrx_word' id='word_1_256' title='bbox 1144 3186 1257 3243; x_wconf 87' lang='lat' dir='ltr'><strong>centra</strong></span> 
     </span>
     <span class='ocr_line' id='line_1_32' title="bbox 209 3265 1257 3350; baseline 0 -22"><span class='ocrx_word' id='word_1_257' title='bbox 209 3271 231 3303; x_wconf 73' lang='lat'><strong>‘⁶</strong></span> <span class='ocrx_word' id='word_1_258' title='bbox 246 3266 455 3330; x_wconf 84' lang='lat' dir='ltr'><strong>Marcionitas</strong></span> <span class='ocrx_word' id='word_1_259' title='bbox 469 3289 541 3331; x_wconf 93' lang='lat' dir='ltr'><strong>cum</strong></span> <span class='ocrx_word' id='word_1_260' title='bbox 552 3266 724 3331; x_wconf 78' lang='lat' dir='ltr'><strong>Catholicis</strong></span> <span class='ocrx_word' id='word_1_261' title='bbox 735 3267 934 3340; x_wconf 80' lang='lat' dir='ltr'><strong>decertaret3</strong></span> <span class='ocrx_word' id='word_1_262' title='bbox 951 3267 1033 3329; x_wconf 89' lang='lat' dir='ltr'><strong>hano</strong></span> <span class='ocrx_word' id='word_1_263' title='bbox 1045 3273 1153 3330; x_wconf 90' lang='lat' dir='ltr'><strong>tamen</strong></span> <span class='ocrx_word' id='word_1_264' title='bbox 1166 3265 1257 3350; x_wconf 89' lang='lat' dir='ltr'><strong>pejus</strong></span> 
     </span>
     <span class='ocr_line' id='line_1_33' title="bbox 210 3350 1257 3430; baseline 0 -17"><span class='ocrx_word' id='word_1_265' title='bbox 210 3351 306 3414; x_wconf 81' lang='lat' dir='ltr'><strong>“illis</strong></span> <span class='ocrx_word' id='word_1_266' title='bbox 330 3351 479 3430; x_wconf 83' lang='lat' dir='ltr'><strong>violabat,</strong></span> <span class='ocrx_word' id='word_1_267' title='bbox 505 3353 580 3416; x_wconf 91' lang='lat' dir='ltr'><strong>dum</strong></span> <span class='ocrx_word' id='word_1_268' title='bbox 609 3351 700 3417; x_wconf 86' lang='lat' dir='ltr'><strong>malis</strong></span> <span class='ocrx_word' id='word_1_269' title='bbox 723 3353 868 3416; x_wconf 89' lang='lat' dir='ltr'><strong>omnibus</strong></span> <span class='ocrx_word' id='word_1_270' title='bbox 897 3351 1147 3416; x_wconf 86' lang='lat' dir='ltr'><strong>contaminabat.</strong></span> <span class='ocrx_word' id='word_1_271' title='bbox 1192 3350 1257 3414; x_wconf 80' lang='lat' dir='ltr'><strong>Ire</strong></span> 
     </span>
     <span class='ocr_line' id='line_1_34' title="bbox 208 3435 1257 3520; baseline -0.001 -20"><span class='ocrx_word' id='word_1_272' title='bbox 208 3444 230 3478; x_wconf 79' lang='lat'><strong>‘⁶</strong></span> <span class='ocrx_word' id='word_1_273' title='bbox 245 3458 333 3501; x_wconf 85' lang='lat' dir='ltr'><strong>naeus</strong></span> <span class='ocrx_word' id='word_1_274' title='bbox 347 3459 422 3502; x_wconf 86' lang='lat' dir='ltr'><strong>vore</strong></span> <span class='ocrx_word' id='word_1_275' title='bbox 443 3437 641 3503; x_wconf 89' lang='lat' dir='ltr'><strong>retinendam</strong></span> <span class='ocrx_word' id='word_1_276' title='bbox 663 3459 731 3502; x_wconf 89' lang='lat' dir='ltr'><strong>csso</strong></span> <span class='ocrx_word' id='word_1_277' title='bbox 752 3440 928 3520; x_wconf 86' lang='grc' dir='ltr'>μοναρχίαν,</span> <span class='ocrx_word' id='word_1_278' title='bbox 952 3459 1010 3502; x_wconf 92' lang='lat' dir='ltr'><strong>nec</strong></span> <span class='ocrx_word' id='word_1_279' title='bbox 1031 3443 1139 3514; x_wconf 81' lang='lat' dir='ltr'><strong>tamen</strong></span> <span class='ocrx_word' id='word_1_280' title='bbox 1161 3435 1257 3500; x_wconf 83' lang='lat' dir='ltr'><strong>malo</strong></span> 
     </span>
     <span class='ocr_line' id='line_1_35' title="bbox 210 3522 1258 3610; baseline -0.001 -24"><span class='ocrx_word' id='word_1_281' title='bbox 210 3531 317 3586; x_wconf 87' lang='lat' dir='ltr'><strong>“rum</strong></span> <span class='ocrx_word' id='word_1_282' title='bbox 336 3523 408 3587; x_wconf 89' lang='lat' dir='ltr'><strong>labe</strong></span> <span class='ocrx_word' id='word_1_283' title='bbox 429 3523 681 3610; x_wconf 84' lang='lat' dir='ltr'><strong>adspergendam</strong></span> <span class='ocrx_word' id='word_1_284' title='bbox 703 3545 781 3602; x_wconf 86' lang='lat' dir='ltr'><strong>esse,</strong></span> <span class='ocrx_word' id='word_1_285' title='bbox 801 3531 869 3588; x_wconf 90' lang='lat' dir='ltr'><strong>tam</strong></span> <span class='ocrx_word' id='word_1_286' title='bbox 889 3545 971 3600; x_wconf 89' lang='lat' dir='ltr'><strong>vere,</strong></span> <span class='ocrx_word' id='word_1_287' title='bbox 995 3544 1091 3608; x_wconf 89' lang='lat' dir='ltr'><strong>quam</strong></span> <span class='ocrx_word' id='word_1_288' title='bbox 1112 3522 1164 3608; x_wconf 91' lang='lat' dir='ltr'><strong>pie</strong></span> <span class='ocrx_word' id='word_1_289' title='bbox 1185 3543 1258 3586; x_wconf 92' lang='lat' dir='ltr'><strong>con-</strong></span> 
     </span>
     <span class='ocr_line' id='line_1_36' title="bbox 210 3607 1258 3694; baseline 0 -22"><span class='ocrx_word' id='word_1_290' title='bbox 210 3617 230 3644; x_wconf 83' lang='lat'><strong>¹‘</strong></span> <span class='ocrx_word' id='word_1_291' title='bbox 245 3609 407 3673; x_wconf 88' lang='lat' dir='ltr'><strong>tendebat.</strong></span> <span class='ocrx_word' id='word_1_292' title='bbox 435 3609 538 3690; x_wconf 77' lang='lat' dir='ltr'><strong>Quam</strong></span> <span class='ocrx_word' id='word_1_293' title='bbox 552 3631 627 3674; x_wconf 89' lang='lat' dir='ltr'><strong>vere</strong></span> <span class='ocrx_word' id='word_1_294' title='bbox 641 3632 662 3673; x_wconf 93' lang='lat' dir='ltr'><strong>a</strong></span> <span class='ocrx_word' id='word_1_295' title='bbox 676 3609 827 3694; x_wconf 85' lang='lat' dir='ltr'><strong>pestilera</strong></span> <span class='ocrx_word' id='word_1_296' title='bbox 843 3608 963 3673; x_wconf 86' lang='lat' dir='ltr'><strong>Florini</strong></span> <span class='ocrx_word' id='word_1_297' title='bbox 978 3608 1124 3674; x_wconf 87' lang='lat' dir='ltr'><strong>doctrina</strong></span> <span class='ocrx_word' id='word_1_298' title='bbox 1138 3607 1258 3672; x_wconf 88' lang='lat' dir='ltr'><strong>alienus</strong></span> 
     </span>
     <span class='ocr_line' id='line_1_37' title="bbox 211 3692 1258 3780; baseline -0.002 -23"><span class='ocrx_word' id='word_1_299' title='bbox 211 3701 231 3731; x_wconf 74' lang='lat'><strong>‘⁶</strong></span> <span class='ocrx_word' id='word_1_300' title='bbox 245 3695 414 3772; x_wconf 83' lang='lat' dir='ltr'><strong>extitisset,</strong></span> <span class='ocrx_word' id='word_1_301' title='bbox 438 3717 595 3780; x_wconf 88' lang='lat' dir='ltr'><strong>quamque</strong></span> <span class='ocrx_word' id='word_1_302' title='bbox 617 3695 772 3759; x_wconf 76' lang='lat' dir='ltr'><strong>nefarium</strong></span> <span class='ocrx_word' id='word_1_303' title='bbox 794 3695 910 3780; x_wconf 85' lang='lat' dir='ltr'><strong>dogma</strong></span> <span class='ocrx_word' id='word_1_304' title='bbox 932 3694 1147 3759; x_wconf 81' lang='lat' dir='ltr'><strong>exhorruisset</strong></span> <span class='ocrx_word' id='word_1_305' title='bbox 1165 3692 1258 3778; x_wconf 82' lang='lat' dir='ltr'><strong>Poly-</strong></span> 
     </span>
     <span class='ocr_line' id='line_1_38' title="bbox 211 3778 1259 3866; baseline -0.001 -23"><span class='ocrx_word' id='word_1_306' title='bbox 211 3789 229 3818; x_wconf 85' lang='lat'>“</span> <span class='ocrx_word' id='word_1_307' title='bbox 245 3801 368 3864; x_wconf 87' lang='lat' dir='ltr'><strong>carpus,</strong></span> <span class='ocrx_word' id='word_1_308' title='bbox 386 3802 479 3864; x_wconf 89' lang='lat' dir='ltr'><strong>quem</strong></span> <span class='ocrx_word' id='word_1_309' title='bbox 498 3781 618 3845; x_wconf 92' lang='lat' dir='ltr'><strong>dudum</strong></span> <span class='ocrx_word' id='word_1_310' title='bbox 638 3788 865 3866; x_wconf 79' lang='lat' dir='ltr'><strong>praeceptorem</strong></span> <span class='ocrx_word' id='word_1_311' title='bbox 879 3781 1035 3857; x_wconf 86' lang='lat' dir='ltr'><strong>audieret,</strong></span> <span class='ocrx_word' id='word_1_312' title='bbox 1052 3779 1081 3843; x_wconf 90' lang='lat' dir='ltr'><strong>ei</strong></span> <span class='ocrx_word' id='word_1_313' title='bbox 1096 3779 1137 3843; x_wconf 96' lang='lat' dir='ltr'><strong>eb</strong></span> <span class='ocrx_word' id='word_1_314' title='bbox 1152 3778 1259 3842; x_wconf 93' lang='lat' dir='ltr'><strong>oculos</strong></span> 
     </span>
     <span class='ocr_line' id='line_1_39' title="bbox 211 3865 1258 3952; baseline -0.001 -24"><span class='ocrx_word' id='word_1_315' title='bbox 211 3876 230 3904; x_wconf 77' lang='lat'><strong>‘⁶</strong></span> <span class='ocrx_word' id='word_1_316' title='bbox 246 3865 355 3950; x_wconf 89' lang='lat' dir='ltr'><strong>ponit;</strong></span> <span class='ocrx_word' id='word_1_317' title='bbox 379 3873 417 3931; x_wconf 88' lang='lat' dir='ltr'><strong>ut</strong></span> <span class='ocrx_word' id='word_1_318' title='bbox 438 3867 521 3931; x_wconf 87' lang='lat' dir='ltr'><strong>tanti</strong></span> <span class='ocrx_word' id='word_1_319' title='bbox 543 3867 748 3952; x_wconf 68' lang='lat' dir='ltr'><strong>praeceptoris</strong></span> <span class='ocrx_word' id='word_1_320' title='bbox 767 3867 920 3931; x_wconf 88' lang='lat' dir='ltr'><strong>memoria</strong></span> <span class='ocrx_word' id='word_1_321' title='bbox 942 3867 1067 3931; x_wconf 88' lang='lat' dir='ltr'><strong>devium</strong></span> <span class='ocrx_word' id='word_1_322' title='bbox 1088 3865 1122 3929; x_wconf 91' lang='lat' dir='ltr'><strong>in</strong></span> <span class='ocrx_word' id='word_1_323' title='bbox 1142 3865 1258 3930; x_wconf 80' lang='lat' dir='ltr'><strong>Gathe-</strong></span> 
     </span>
     <span class='ocr_line' id='line_1_40' title="bbox 210 3949 1257 4017; baseline -0.001 -3"><span class='ocrx_word' id='word_1_324' title='bbox 210 3959 230 3991; x_wconf 87' lang='lat'><strong>“</strong></span> <span class='ocrx_word' id='word_1_325' title='bbox 245 3950 312 4015; x_wconf 81' lang='lat' dir='ltr'><strong>licoe</strong></span> <span class='ocrx_word' id='word_1_326' title='bbox 328 3951 472 4016; x_wconf 87' lang='lat' dir='ltr'><strong>veritatis</strong></span> <span class='ocrx_word' id='word_1_327' title='bbox 488 3953 570 4017; x_wconf 86' lang='lat' dir='ltr'><strong>viam</strong></span> <span class='ocrx_word' id='word_1_328' title='bbox 585 3953 741 4016; x_wconf 88' lang='lat' dir='ltr'><strong>efficacius</strong></span> <span class='ocrx_word' id='word_1_329' title='bbox 754 3953 930 4017; x_wconf 91' lang='lat' dir='ltr'><strong>reduceret.</strong></span> <span class='ocrx_word' id='word_1_330' title='bbox 976 3950 1167 4015; x_wconf 85' lang='lat' dir='ltr'><strong>Philostrius</strong></span> <span class='ocrx_word' id='word_1_331' title='bbox 1182 3949 1257 4014; x_wconf 89' lang='lat' dir='ltr'><strong>Fle-</strong></span> 
     </span>
     <span class='ocr_line' id='line_1_41' title="bbox 210 4037 1260 4122; baseline -0.002 -20"><span class='ocrx_word' id='word_1_332' title='bbox 210 4047 229 4076; x_wconf 81' lang='lat'><strong>‘⁴</strong></span> <span class='ocrx_word' id='word_1_333' title='bbox 244 4037 406 4102; x_wconf 89' lang='lat' dir='ltr'><strong>rianerum</strong></span> <span class='ocrx_word' id='word_1_334' title='bbox 432 4038 641 4122; x_wconf 89' lang='lat' dir='ltr'><strong>quorumdam</strong></span> <span class='ocrx_word' id='word_1_335' title='bbox 664 4038 885 4103; x_wconf 66' lang='lat' dir='ltr'><strong>hereticorum</strong></span> <span class='ocrx_word' id='word_1_336' title='bbox 911 4037 1073 4109; x_wconf 86' lang='lat' dir='ltr'><strong>meminit;</strong></span> <span class='ocrx_word' id='word_1_337' title='bbox 1101 4037 1158 4100; x_wconf 86' lang='lat' dir='ltr'><strong>sed</strong></span> <span class='ocrx_word' id='word_1_338' title='bbox 1180 4057 1260 4121; x_wconf 88' lang='lat' dir='ltr'><strong>ques</strong></span> 
     </span>
     <span class='ocr_line' id='line_1_42' title="bbox 210 4122 1259 4208; baseline -0.003 -20"><span class='ocrx_word' id='word_1_339' title='bbox 210 4131 230 4160; x_wconf 80' lang='lat'><strong>‘⁶</strong></span> <span class='ocrx_word' id='word_1_340' title='bbox 246 4123 566 4208; x_wconf 82' lang='lat' dir='ltr'><strong>Oarpoomtianerum</strong></span> <span class='ocrx_word' id='word_1_341' title='bbox 588 4124 746 4188; x_wconf 89' lang='lat' dir='ltr'><strong>surculum</strong></span> <span class='ocrx_word' id='word_1_342' title='bbox 767 4145 835 4188; x_wconf 88' lang='lat' dir='ltr'><strong>csse</strong></span> <span class='ocrx_word' id='word_1_343' title='bbox 853 4123 941 4188; x_wconf 92' lang='lat' dir='ltr'><strong>dicit.</strong></span> <span class='ocrx_word' id='word_1_344' title='bbox 987 4122 1170 4187; x_wconf 86' lang='lat' dir='ltr'><strong>Gennadius</strong></span> <span class='ocrx_word' id='word_1_345' title='bbox 1185 4144 1259 4186; x_wconf 89' lang='lat' dir='ltr'><strong>vero</strong></span> 
     </span>
     <span class='ocr_line' id='line_1_43' title="bbox 210 4207 1259 4294; baseline 0.001 -23"><span class='ocrx_word' id='word_1_346' title='bbox 210 4216 229 4244; x_wconf 91' lang='lat'>“</span> <span class='ocrx_word' id='word_1_347' title='bbox 247 4207 440 4286; x_wconf 84' lang='lat' dir='ltr'><strong>Florianum,</strong></span> <span class='ocrx_word' id='word_1_348' title='bbox 457 4231 512 4274; x_wconf 91' lang='lat' dir='ltr'><strong>seu</strong></span> <span class='ocrx_word' id='word_1_349' title='bbox 529 4209 693 4273; x_wconf 89' lang='lat' dir='ltr'><strong>Florinum</strong></span> <span class='ocrx_word' id='word_1_350' title='bbox 707 4209 824 4294; x_wconf 90' lang='lat' dir='ltr'><strong>culpat,</strong></span> <span class='ocrx_word' id='word_1_351' title='bbox 841 4209 926 4294; x_wconf 91' lang='lat' dir='ltr'><strong>quod</strong></span> <span class='ocrx_word' id='word_1_352' title='bbox 941 4230 1068 4273; x_wconf 88' lang='lat' dir='ltr'><strong>carnem</strong></span> <span class='ocrx_word' id='word_1_353' title='bbox 1082 4207 1158 4272; x_wconf 87' lang='lat' dir='ltr'><strong>mali</strong></span> <span class='ocrx_word' id='word_1_354' title='bbox 1172 4229 1259 4272; x_wconf 88' lang='lat' dir='ltr'><strong>caus·</strong></span> 
     </span>
     <span class='ocr_line' id='line_1_44' title="bbox 210 4293 1260 4380; baseline -0.004 -21"><span class='ocrx_word' id='word_1_355' title='bbox 210 4302 229 4330; x_wconf 87' lang='lat'>“</span> <span class='ocrx_word' id='word_1_356' title='bbox 245 4315 314 4359; x_wconf 85' lang='lat' dir='ltr'><strong>sam</strong></span> <span class='ocrx_word' id='word_1_357' title='bbox 328 4317 397 4359; x_wconf 90' lang='lat' dir='ltr'><strong>esse</strong></span> <span class='ocrx_word' id='word_1_358' title='bbox 412 4295 591 4361; x_wconf 87' lang='lat' dir='ltr'><strong>crediderit.</strong></span> <span class='ocrx_word' id='word_1_359' title='bbox 638 4295 716 4378; x_wconf 77' lang='lat' dir='ltr'><strong>Quae</strong></span> <span class='ocrx_word' id='word_1_360' title='bbox 740 4296 875 4380; x_wconf 85' lang='lat' dir='ltr'><strong>quidem,</strong></span> <span class='ocrx_word' id='word_1_361' title='bbox 892 4294 918 4358; x_wconf 94' lang='lat' dir='ltr'><strong>si</strong></span> <span class='ocrx_word' id='word_1_362' title='bbox 940 4303 1074 4379; x_wconf 88' lang='lat' dir='ltr'><strong>uterque</strong></span> <span class='ocrx_word' id='word_1_363' title='bbox 1096 4293 1260 4357; x_wconf 80' lang='lat' dir='ltr'><strong>Florinum</strong></span> 
     </span>
     <span class='ocr_line' id='line_1_45' title="bbox 211 4379 1259 4460; baseline -0.002 -16"><span class='ocrx_word' id='word_1_364' title='bbox 211 4387 232 4416; x_wconf 78' lang='lat'><strong>‘⁶</strong></span> <span class='ocrx_word' id='word_1_365' title='bbox 247 4388 390 4446; x_wconf 86' lang='lat' dir='ltr'><strong>nestrum</strong></span> <span class='ocrx_word' id='word_1_366' title='bbox 405 4379 607 4460; x_wconf 84' lang='lat' dir='ltr'><strong>intellexerit,</strong></span> <span class='ocrx_word' id='word_1_367' title='bbox 619 4403 683 4445; x_wconf 93' lang='lat' dir='ltr'><strong>nen</strong></span> <span class='ocrx_word' id='word_1_368' title='bbox 698 4382 825 4446; x_wconf 89' lang='lat' dir='ltr'><strong>omnine</strong></span> <span class='ocrx_word' id='word_1_369' title='bbox 841 4403 912 4446; x_wconf 92' lang='lat' dir='ltr'><strong>cum</strong></span> <span class='ocrx_word' id='word_1_370' title='bbox 924 4380 1063 4446; x_wconf 85' lang='lat' dir='ltr'><strong>Eusebio</strong></span> <span class='ocrx_word' id='word_1_371' title='bbox 1078 4387 1111 4444; x_wconf 90' lang='lat' dir='ltr'><strong>ct</strong></span> <span class='ocrx_word' id='word_1_372' title='bbox 1127 4379 1259 4452; x_wconf 83' lang='lat' dir='ltr'><strong>Irenaeo,</strong></span> 
     </span>
    </p>
   </div>
   <div class='ocr_carea' id='block_1_5' title="bbox 0 0 1670 5224">
    <p class='ocr_par' dir='ltr' id='par_1_6' title="bbox 0 0 1670 5224">
     <span class='ocr_line' id='line_1_46' title="bbox 0 0 1670 5224; baseline 0 0"><span class='ocrx_word' id='word_1_373' title='bbox 0 0 1670 5224; x_wconf 95' lang='lat' dir='ltr'><strong> </strong></span> 
     </span>
    </p>
   </div>
  </div>
 </body>
</html>
