3316 5198
400 449 465 513 102
752 446 1095 512 TERTULLIANI

399 631 541 693 terrena
557 621 761 694 coelestibus
777 623 946 695 cesserint
964 621 1027 710 (iii.
1040 623 1115 714 81.)
1135 618 1206 709 Qui
1223 618 1265 690 de
1282 627 1376 691 terra
1393 629 1450 702 est,

398 739 524 830 iuquit,
560 745 696 809 terrena
718 735 827 833 satur
839 763 852 818 ‚·
886 747 917 808 et
947 738 1008 834 qai
1041 736 1083 808 de
1116 734 1209 808 coelis
1243 735 1452 832 adestque·

398 854 487 926 vidit
509 879 549 925 co
576 852 738 948 loquitur.
791 853 839 924 Et
869 855 954 946 quid
982 877 1055 925 non
1077 853 1232 936 coeleste,
1255 854 1349 945 quod
1377 854 1451 924 Do-

398 971 487 1042 mini
513 971 645 1042 Christi
669 979 745 1054 est3
770 979 813 1040 ιιι
828 970 904 1041 haec
929 994 1071 1063 quoquc
1097 971 1218 1040 orandi
1241 969 1449 1063 disciplina?

399 1087 672 1158 Consideremus
701 1089 832 1180 itaque,
862 1087 1052 1174 benedicti,
1078 1086 1260 1156 coelestem
1288 1088 1363 1178 ejus
1396 1111 1475 1168 ιιι-5

397 1204 518 1297 phiam
536 1205 712 1296 inprimis
730 1204 775 1273 de
800 1211 977 1296 praecepto
1003 1211 1138 1274 secrete
1161 1203 1352 1274 adorandi:
1378 1227 1448 1295 quo

398 1329 437 1391 et
461 1321 570 1391 fidem
594 1320 747 1390 hominis
772 1319 949 1413 exigebat,
971 1328 1012 1388 ut
1037 1316 1105 1389 Dei
1132 1319 1386 1412 omnipotentis
1412 1328 1450 1390 et

398 1446 629 1530 conspectum
663 1445 701 1506 et
730 1436 892 1506 auditum
927 1433 993 1506 sub
1026 1435 1141 1517 tectis,
1176 1444 1215 1505 et
1248 1436 1285 1504 iu
1319 1437 1449 1507 abditis

398 1555 508 1624 etiam
533 1553 656 1624 adesse
681 1552 895 1623 confideret:
922 1560 960 1622 et
976 1552 1188 1624 modestiam
1212 1551 1294 1624 fidei
1313 1553 1450 1626 deside-

398 1669 509 1753 rabat,
535 1678 577 1741 ut
604 1691 711 1762 quem
739 1669 872 1761 ubique
902 1668 1024 1742 audire
1054 1676 1092 1739 et
1116 1667 1235 1740 videre
1260 1669 1396 1752 fideret,
1414 1672 1447 1740 ei
1463 1697 1497 1736 10

397 1786 463 1858 soli
480 1785 689 1881 religionem
706 1808 806 1856 suam
830 1783 991 1856 offerret:
1018 1793 1189 1877 sequente
1216 1785 1338 1879 sophia
1355 1784 1447 1881 (for.

397 1911 585 1995 sequentes
603 1901 778 1994 sophiam)
802 1901 1018 1993 insequenti
1041 1908 1239 1993 praccept03
1269 1903 1363 1993 quod
1381 1903 1448 1974 etsi

397 2019 545 2112 proinde
574 2018 752 2111 pertineat
779 2019 824 2090 ad
854 2018 961 2092 fidem
988 2024 1028 2090 et
1055 2017 1266 2090 modestiam
1295 2016 1389 2100 fidei,
1419 2020 1448 2090 si

397 2155 469 2204 uon
499 2134 641 2226 agmine
667 2133 855 2204 verborum
881 2133 1085 2203 adeundum
1111 2140 1278 2224 putemus
1303 2132 1348 2204 ad
1375 2131 1449 2204 Do-

398 2249 545 2330 minum,
576 2270 682 2338 quem
716 2248 811 2317 ultro
845 2249 917 2320 suis
950 2249 1150 2340 prospicere
1184 2249 1272 2320 certi
1306 2271 1447 2322 sumus:
1461 2275 1496 2334 ¹5

398 2370 557 2434 attamen
582 2363 738 2436 brevitas
763 2365 841 2445 ista,
859 2363 954 2455 quod
979 2364 1024 2436 ad
1042 2365 1189 2436 tertium
1215 2365 1346 2458 sopbiae
1371 2388 1449 2459 gre—

398 2480 483 2552 dum
519 2478 635 2560 faciat,
661 2501 798 2572 magnac
827 2502 869 2550 ao
898 2479 1011 2550 beatae
1039 2482 1338 2574 interpretationis
1367 2481 1450 2554 sub-

398 2595 530 2669 stantia
558 2592 650 2664 fulta
679 2603 753 2666 est:
780 2603 1024 2688 quantumque
1048 2595 1300 2691 substringitur
1323 2598 1448 2680 verbis,

399 2720 540 2782 tantum
567 2709 777 2782 diffimditur
804 2711 973 2784 sensibus.
1027 2711 1157 2804 Neque
1187 2715 1283 2787 enim
1309 2715 1450 2807 propria

398 2835 539 2900 tentum
556 2828 724 2900 orationis
746 2827 860 2900 officia
884 2827 1072 2921 complexa
1096 2838 1161 2912 est,
1179 2829 1236 2900 vel
1253 2831 1449 2904 veneratio-
1460 2857 1497 2896 20

398 2966 480 3014 nem
500 2941 579 3026 Dei,
597 2951 661 3016 aut
685 2942 838 3014 hominis
864 2944 1084 3035 petitionem,
1102 2944 1164 3016 sed
1191 2968 1333 3018 omnem
1356 2968 1448 3038 pene

397 3081 596 3132 sermonem
619 3059 775 3142 Domini,
802 3082 944 3131 omnem
977 3062 1351 3134 commemorationem
1379 3061 1450 3133 dis·

397 3176 544 3268 cipliuaa
581 3184 623 3248 ut
658 3199 781 3256 revera
817 3177 855 3246 iu
893 3177 1051 3250 oratione
1087 3176 1299 3254 breviarium
1337 3177 1448 3249 totius

397 3293 571 3387 evangelii
589 3292 918 3386 comprehendatur.

251 3427 329 3478 cnr.
342 3427 378 3477 11.
450 3408 581 3500 Incipit
610 3431 632 3480 a
657 3409 862 3480 testimonio
888 3406 969 3490 Del,
990 3416 1028 3478 et
1055 3409 1183 3481 merito
1213 3408 1306 3490 fidei,
1337 3431 1447 3500 quum
1459 3427 1496 3488 ²5

399 3523 549 3594 dicimus
579 3522 704 3596 Parus
733 3543 801 3601 eur
829 3543 869 3596 ru
897 3541 1005 3592 cunis
1032 3543 1083 3594 ss.
1136 3521 1233 3592 Nam
1261 3535 1299 3592 et
1328 3520 1447 3592 Deum

399 3662 549 3722 oramus,
567 3647 606 3710 et
622 3638 729 3710 fidem
755 3639 1055 3720 commendamus,
1073 3639 1173 3728 cujus
1198 3639 1366 3708 meritum
1392 3647 1449 3708 est

398 3755 473 3828 hacc
490 3753 691 3848 appellatio.
719 3753 900 3845 Scriptum
918 3763 992 3824 est:
1012 3753 1084 3842 (Jo.
1102 3754 1198 3828 i.11.
1219 3752 1328 3823 Matt.
1341 3752 1398 3822 vii.
1413 3757 1447 3832 9.

399 3881 436 3944 et
453 3895 483 3943 e.
501 3895 536 3940 x.
554 3879 592 3942 et
608 3894 639 3942 c.
657 3872 743 3960 xvi.)
781 3869 852 3958 Qui
878 3870 916 3940 in
942 3893 1017 3939 eum
1042 3865 1261 3950 crediderint,
1279 3866 1373 3940 dedit
1399 3867 1449 3938 cis

392 3997 592 4080 potestatem
626 3995 664 4057 ul
687 3985 763 4080 filii
793 3984 866 4058 Dei
900 3995 1069 4061 coemam.
1121 3985 1346 4075 Quamquam
1380 3985 1496 4064 fre-30

399 4105 628 4193 quentissime
661 4103 837 4176 Dominus
878 4113 1015 4195 patrem
1059 4101 1160 4174 nobis
1202 4103 1449 4193 pronunciavit

400 4213 529 4302 Deum,
547 4219 620 4290 imo
645 4229 683 4292 et
701 4221 876 4314 precepit,
895 4219 1020 4308 (Matt.
1039 4219 1138 4294 xxiii.
1156 4221 1206 4309 9.)
1224 4241 1267 4287 ne
1289 4239 1387 4310 quem
1409 4216 1448 4294 ia

399 4332 502 4402 terris
525 4340 662 4426 patrem
692 4357 853 4416 vocemus,
876 4334 947 4406 nisi
972 4359 1069 4428 quem
1095 4331 1254 4406 debemus
1280 4333 1318 4402 in
1345 4331 1446 4404 oculu.
1521 4401 1529 4410 .
