3316 5198
541 507 606 572 DE
630 505 892 571 ORATIONE.
1179 503 1244 574 119

195 681 334 754 Israelis
359 679 553 774 disciplina,
579 703 625 752 ne
653 681 771 752 minus
796 687 854 752 ter
882 681 941 751 die
969 677 1097 750 saltem
1122 679 1246 751 adore-

193 821 283 881 mus,
309 797 487 869 debitores
515 796 641 880 Patris,
667 807 705 867 et
736 795 827 879 Filii,
854 801 892 868 et
923 795 1076 889 Spiritus
1107 795 1243 866 Sancti.

195 913 366 1006 Exceptis
389 915 514 1006 utique
537 913 706 1008 legitimis
727 913 953 996 orationibus,
971 937 1052 1004 quae
1075 912 1152 982 sine
1172 908 1246 981 ulla

194 1030 436 1100 admonitione
454 1028 630 1101 debentur
650 1030 809 1124 ingressu
830 1028 918 1100 lucis
936 1037 974 1098 et
995 1029 1119 1098 noctis.
1172 1026 1244 1097 Sed

166 1156 233 1228 set
258 1147 378 1217 cibum
405 1169 476 1217 non
501 1148 598 1240 prius
620 1161 769 1229 sumere,
788 1155 826 1217 et
850 1145 1029 1216 lavacrum
1053 1166 1124 1215 non
1150 1143 1246 1236 prius

194 1263 301 1346 adire,
315 1285 422 1355 quam
436 1243 825 1355 interposita'oratione
838 1260 962 1332 fideles
975 1259 1089 1332 decet.
1125 1259 1247 1331 Priora

196 1380 291 1450 enim
308 1378 472 1450 habenda
484 1387 568 1450 sunt
585 1379 727 1472 spiritus
740 1378 920 1472 refrigeria
934 1386 972 1449 et
988 1375 1126 1470 pabula,
1139 1399 1247 1469 quam

197 1495 319 1577 carnis,
337 1504 375 1566 et
390 1496 508 1587 priora
524 1495 691 1578 coelestia,
709 1517 815 1586 quam
828 1503 979 1565 terrena

248 1609 410 1681 Fratrem
433 1612 580 1682 domum
603 1619 702 1682 tuam
726 1612 978 1704 introgressum
1000 1632 1047 1680 ne
1072 1610 1148 1679 sine
1170 1631 1247 1678 ora·
1290 1624 1375 1673 cnr.

150 1727 295 1798 maone
311 1728 494 1798 amiseris.
547 1728 692 1810 visati,
712 1728 838 1820 inquit,
856 1727 1011 1808 mamm,
1028 1725 1147 1796 ensa
1171 1690 1410 1805 candidis„

197 1845 334 1913 minum
369 1851 482 1927 tuum,
514 1845 670 1916 maxime
708 1845 891 1926 advenam,
921 1839 1159 1931 (sabaudiead.
1185 1821 1370 1909 agnam.

198 1962 322 2053 verte),
340 1983 386 2030 ne
409 1961 556 2054 angelus
577 1962 669 2032 lorte
690 1962 737 2032 sit
755 1959 866 2050 (Heb.
879 1959 954 2029 xiii.
973 1961 1035 2052 a).
1088 1955 1160 2027 Sed
1181 1977 1248 2026 nec

198 2077 273 2170 ipse
290 2099 313 2147 a
329 2077 495 2147 fratribus
512 2077 665 2148 exemtis
683 2075 775 2172 (sor.
793 2077 979 2168 exceptus)
997 2074 1113 2167 priora
1124 2071 1250 2144 fecerit

200 2188 292 2287 (scr.
319 2193 459 2286 feceris)
485 2193 665 2287 refrigeria
691 2202 831 2264 terrena
860 2189 1082 2264 coelestibus!
1117 2188 1248 2261 Statim

153 2308 295 2398 15enim
314 2308 535 2400 judicabitur
559 2308 652 2405 (sor.
678 2310 905 2403 indicabitur)
931 2309 1019 2378 fides
1044 2316 1118 2378 tua.
1169 2304 1249 2375 Aut

199 2425 377 2516 quomodo
394 2426 589 2496 secundum
606 2435 825 2520 praeceptum
839 2425 943 2513 (Luc.
954 2449 989 2495 x.
1002 2427 1062 2518 ⁵·b
1074 2445 1153 2519 pac
1168 2419 1250 2492 laic

199 2537 318 2611 domm
343 2541 448 2623 dices,
475 2541 540 2611 nisi
566 2549 604 2612 et
630 2543 690 2625 eis,
718 2543 779 2635 qui
806 2543 844 2612 in
874 2542 981 2613 domo
1006 2549 1101 2624 sunt,
1124 2559 1249 2633 pacem
1278 2545 1285 2558 '

199 2666 363 2728 mutuam
380 2656 528 2728 reddas?

251 2773 504 2868 Diligentiores
524 2775 562 2845 in
582 2776 714 2846 orando
736 2776 948 2871 subjungere
973 2773 1248 2848 lucrationibus
1291 2798 1375 2848 car.

154 2922 192 2964 no
200 2890 343 2983 alleluja
367 2890 492 2974 solent
510 2899 548 2961 et
571 2890 639 2962 boc
660 2914 772 2986 genus
792 2892 955 2984 psalmos,
977 2915 1127 2984 quorum
1152 2863 1407 2992 clau-„fffuljlfi

202 3007 286 3078 sulis
308 3007 553 3100 respondeant,
572 3009 631 3099 qui
655 3007 760 3078 simul
782 3017 876 3079 sunt.
928 3009 978 3080 m
994 3018 1050 3080 est
1072 2993 1413 3108 optimumffigffl'*

202 3124 326 3215 utique
352 3124 557 3194 institutum
581 3147 696 3206 omne,
714 3122 809 3214 quod
826 3126 1055 3217 proponendo
1078 3135 1116 3195 et
1139 3125 1250 3195 hono·

202 3236 312 3308 rando
351 3235 431 3306 Deo
464 3237 646 3330 competit,
686 3243 881 3306 saturatam
917 3237 1113 3308 orationem
1149 3236 1249 3308 vclut

204 3355 375 3446 optimam
402 3352 555 3424 hostiam
585 3352 774 3423 admovere
793 3349 885 3447 (sor.
913 3353 1066 3444 opimam
1097 3351 1249 3424 hostiam

156 3467 420 3561 cgfltlfflovells).

255 3580 347 3654 Haec
364 3589 420 3651 est
436 3580 532 3650 enim
555 3579 671 3652 hostia
693 3578 869 3672 spiritalis,
886 3602 967 3671 quae
984 3580 1132 3672 pristina
1147 3581 1252 3650 sacri·
1295 3609 1381 3660 cap,

203 3697 284 3768 ficia
304 3696 448 3768 delevit.
493 3691 569 3785 Qud
590 3692 687 3779 milri,
709 3695 835 3788 inquit,
858 3695 989 3786 (Esaiae
1003 3697 1025 3766 i.
1040 3701 1114 3791 11.)
1137 3694 1252 3768 multi·
1275 3675 1403 3727 ¹¹¹an

204 3811 357 3886 tudinem
390 3810 674 3906 aoaafldoram?
710 3808 843 3884 Plenus
875 3834 951 3882 sam
988 3809 1254 3884 buccaene

205 3935 276 4000 tum
314 3927 487 4007 mictum
527 3935 558 3998 el
597 3925 733 4021 adipem
773 3949 951 4024 mamam,
983 3936 1017 3999 ct
1052 3927 1254 4024 sanpaincm

156 4051 385 4140 30luuromm
415 4039 652 4114 citreorum
681 4041 770 4114 nolo.
823 4041 911 4132 Quis
946 4044 1038 4114 caan
1072 4041 1254 4137 requisivit

206 4159 274 4232 ista
301 4158 343 4232 dc
364 4157 521 4230 manitas
543 4157 696 4230 matie?
721 4157 814 4241 Quae
837 4180 923 4252 ergo
943 4159 1123 4250 quaesierit
1145 4157 1255 4241 Deus,

207 4273 430 4370 evangelium
441 4276 556 4345 docet.
597 4271 714 4345 Veniet
730 4269 826 4356 lora,
839 4273 964 4366 inquit,
979 4273 1168 4364 (Jaivaa.
1180 4276 1255 4367 24.)

206 4414 311 4488 qaum
339 4391 414 4468 oeci
442 4389 640 4464 malma
666 4387 858 4464 madum
886 4387 1031 4464 Patrem
1060 4391 1100 4462 in
1127 4389 1257 4486 spoia
