3316 5198
415 473 611 540 CONTRA
634 473 870 538 HAERESIM
895 475 1057 540 NOETI.
1218 477 1261 544 77

209 650 269 728 καὶ
290 649 453 750 ἀγωνιῶν
481 650 581 752 ἱδροῖ,
604 650 663 728 καὶ
688 649 746 728 ὑπ’
776 645 936 751 ἀγγέλου
960 649 1212 748 ε’νδυναμοῦται
1240 650 1260 727 ὁ

210 775 414 874 ε’νδυναμῶν
440 772 523 859 τοὺς
549 781 598 860 εὶς
624 773 734 854 αι’σὸν
755 773 1000 872 πιστεύοντας,
1019 777 1078 854 καὶ
1105 773 1261 855 θανάτου

210 907 448 1009 καταφρονεῖν
469 902 563 1012 έργιρ
594 901 754 1009 διδάξας·
785 907 844 984 καὶ
871 901 940 984 ὑπὸ
964 900 1083 984 Ἰούδα
1104 904 1257 1007 παραδί-

146 1135 155 1144 .
211 1035 311 1111 δοται
329 1032 349 1110 ὁ
366 1032 557 1133 γινώσκων
573 1028 637 1112 τὸν
655 1029 794 1112 Ἰούδαν
810 1031 865 1116 τίς
882 1033 993 1111 ε’στιν.
1044 1035 1102 1111 καὶ
1127 1029 1258 1131 άτιμά-

183 1155 301 1259 εζεται
335 1159 404 1239 ὑπὸ
437 1156 599 1265 Καιάφα,
628 1160 649 1237 ὁ
680 1155 853 1264 πρότερον
882 1159 940 1239 ὑπ’
968 1159 1076 1239 αὑτοῦ
1108 1163 1261 1262 ἱερατευ-

210 1283 335 1385 όμενος
354 1286 434 1394 (for.
455 1286 717 1390 ίερατουομένου
741 1287 956 1386 τιμώμενος)
990 1289 1038 1370 ὡς
1065 1282 1172 1369 Θεός·
1202 1287 1262 1366 καὶ

210 1410 279 1492 ὑπὸ
309 1411 476 1515 Ἡρώδου
507 1413 786 1520 ἐξονθενεῖταιδ
817 1412 966 1513 μέλλων
994 1419 1109 1517 κρῖναι
1136 1420 1262 1494 πᾶσαν

208 1538 275 1640 τὴν
295 1545 377 1644 γῆν·
404 1544 464 1621 καὶ
486 1539 693 1644 μαστίζεται
716 1540 785 1622 aab
814 1539 978 1622 Πιλάτου
1004 1543 1024 1620 ὁ
1055 1539 1120 1626 τὰς
1144 1544 1258 1622 άσθε·

209 1669 303 1753 νείας
319 1669 421 1769 ἡμῶν
438 1667 710 1777 ἀναδεξάμενος·
740 1673 799 1750 καὶ
827 1669 896 1750 ὑπὸ
923 1676 1155 1772 στρατιωτῶν
1172 1670 1257 1750 παί-

164 1794 313 1900 ιοζεται,
343 1793 373 1904 ᾧ
408 1795 677 1902 ταρεοτήκουσι
711 1799 825 1903 χίλιαι
856 1795 1014 1903 χιλιάδες
1045 1799 1103 1876 καὶ
1139 1797 1262 1900 μυρίαι

208 1918 374 2026 μυριάδες
406 1921 574 2025 άγγελων
603 1925 662 2002 καὶ
691 1921 941 2028 άρχαγγέλων·
984 1924 1043 2001 καὶ
1073 1917 1142 2001 ὑπὸ
1172 1923 1262 2001 Ἰου-

209 2050 319 2129 δαίων
336 2048 439 2158 ξύλερ
456 2049 745 2153 προσπήγνυται,
764 2051 785 2129 ὁ
810 2047 930 2156 πήξας
948 2051 996 2132 ώς
1015 2046 1179 2151 καμάραν
1197 2046 1262 2129 τὸν

210 2175 373 2280 οὐρανόν·
414 2181 472 2258 καὶ
507 2175 599 2281 πρὸς
637 2177 785 2281 Πατέρα
821 2183 920 2274 βοῶν
949 2177 1182 2280 παρατίθεται
1217 2174 1260 2257 τὸ

208 2311 359 2403 πνεῦμα,
402 2305 422 2383 ὁ
463 2305 667 2409 ἀχάριστος
711 2312 775 2385 τοῦ
820 2303 976 2407 Πατρός·
1024 2307 1084 2383 καὶ
1129 2305 1262 2384 κλίνων

164 2429 374 2539 ιςκεφαλὴν
398 2434 571 2530 ἐκτενεζὸ
606 2432 717 2531 εἴπας,
739 2432 936 2539 Ἐξουσίαν
961 2431 1031 2537 ἔχω
1060 2437 1171 2511 θεῖναι
1194 2429 1261 2530 τὴν

209 2558 335 2666 ψυχάν
351 2593 437 2659 μου,
467 2563 527 2641 καὶ
553 2559 722 2667 ἐξουσίαν
743 2560 814 2665 ἔχω
843 2558 956 2641 πάλιν
982 2566 1111 2656 λαβεῖν
1134 2557 1257 2659 αι’τιήν.

205 2683 294 2767 Ὅτι
325 2685 363 2768 δὲ
396 2687 460 2768 οὐκ
492 2687 684 2791 έκυριεύετο
722 2686 793 2768 ὑπὸ
822 2685 988 2786 θανάτου,
1016 2690 1065 2769 ὡς
1089 2694 1163 2792 (for.
1186 2685 1259 2794 ὧν)

210 2932 353 2992 mundum
376 2934 574 2993 advenerat⁸2
596 2953 662 2992 cum
684 2935 715 2992 in
757 2935 918 3013 suscepiti:
941 2943 971 2993 et
992 2954 1009 2992 a
1028 2933 1172 2993 militibus
1193 2932 1258 2991 illu·

211 3014 359 3074 anxietate
379 3013 496 3081 iudith,
512 3026 542 3074 et
556 3015 592 3073 ab
612 3014 715 3094 angelo
756 3015 859 3073 ditur*
884 3016 919 3084 is,
948 3015 996 3074 cui
1024 3013 1140 3072 adstant
1168 3013 1260 3072 millia

211 3095 374 3165 roboratur,
389 3095 439 3174 qui
459 3117 509 3154 eoa
529 3096 579 3173 qui
602 3095 632 3153 in
647 3116 714 3154 uum
756 3095 879 3153 millium
888 3094 908 3161 ¹,
941 3107 973 3153 et
1007 3095 1103 3153 decies
1137 3107 1260 3153 centena

212 3175 345 3244 credunt,
360 3177 495 3246 roborat;
517 3188 547 3236 et
561 3195 649 3256 opere
663 3174 714 3233 do-
755 3175 847 3234 millia
867 3175 1035 3254 angelorum
1058 3186 1089 3234 et
1103 3175 1258 3252 archange-

212 3256 274 3314 cuit
289 3267 410 3316 mortem
425 3268 627 3316 contemnere:
648 3276 714 3315 eum
756 3255 867 3315 lorum:
884 3257 955 3315 etin
966 3255 1079 3314 Jndaeis
1093 3255 1122 3313 in
1134 3254 1259 3333 lignofi.

213 3335 321 3395 aJuda
332 3337 553 3416 proditur⁰‚qui
563 3357 716 3416 cognosce·
756 3339 878 3415 giturm,
893 3337 944 3415 qui
959 3348 1096 3414 tanquam
1117 3356 1257 3394 cameram

211 3417 262 3476 bat
286 3415 395 3476 Judam
421 3419 486 3496 quis
509 3419 624 3488 essetd;
647 3429 716 3476 eta
757 3417 861 3477 coelum
886 3419 995 3476 fixitn:
1019 3429 1050 3476 et
1072 3416 1199 3476 clamans
1222 3415 1259 3474 ad

213 3497 327 3577 Caipha
347 3498 565 3568 inhonoratur&
581 3499 631 3576 qui
654 3510 716 3556 erat
759 3499 874 3558 Patrem
890 3499 1026 3578 spiritum
1041 3496 1257 3568 commendato,

212 3579 297 3636 abeo
311 3577 472 3637 sacerdotio
480 3580 632 3657 fungente,
643 3598 716 3658 pau·
756 3580 807 3657 qui
822 3591 866 3639 ast
881 3601 898 3638 a
914 3579 1001 3639 Patre
1018 3578 1257 3658 inseparabilisv:

213 3657 243 3716 1ο
257 3670 324 3718 ante
339 3670 476 3736 tanquam
491 3660 574 3718 Deus
592 3660 716 3717 honora-
757 3670 788 3718 et
812 3660 951 3718 inclinato
975 3661 1069 3736 eapite
1094 3659 1223 3738 exspirat
1232 3670 1258 3726 q,

214 3749 279 3797 tus:
309 3759 375 3798 cum
400 3741 436 3798 ab
459 3740 580 3800 Herode
602 3740 714 3818 sperni·
756 3741 806 3818 qui
819 3739 909 3805 dixin
926 3739 1196 3800 Potestatemhnbeo
1205 3761 1259 3818 po-

213 3817 289 3886 turs,
305 3821 355 3897 qui
370 3831 461 3878 totam
476 3831 582 3880 terram
601 3821 715 3898 judica·
758 3821 843 3880 nendi
852 3821 977 3880 animam
988 3829 1123 3886 meamet
1131 3828 1259 3898 potesta-

212 3909 298 3958 turua
314 3908 391 3967 estss,
406 3911 436 3959 et
451 3903 619 3960 verberatur
633 3921 650 3959 ο
667 3901 717 3959 Pi.
758 3910 812 3960 lem
821 3903 910 3961 leuben
918 3902 1018 3960 iterum
1030 3899 1159 3959 sumendi
1169 3909 1256 3956 eamr.

213 3979 291 4039 latoh
303 3981 337 4051 is,
349 3982 399 4059 qui
409 3981 593 4041 infirmitates
605 3995 717 4041 nostran
758 3981 847 4054 Quod
861 3994 959 4041 autem
977 4000 1035 4039 non
1056 3979 1259 4038 dominabatur

246 4187 331 4236 nJoh,
342 4189 386 4237 xii.
400 4201 439 4252 ²7·
454 4188 523 4237 xviii.
535 4202 572 4236 ιι.
688 4187 847 4236 buuaxxii.
859 4199 900 4248 44.
1015 4183 1132 4234 entatu.
1144 4184 1210 4234 xxvi.
1222 4197 1259 4248 15.

214 4253 404 4316 aluums.
482 4252 657 4315 eid.65.aaq.
735 4251 813 4301 ‘lna
826 4252 942 4299 xxiiim.
1026 4251 1259 4313 maturanum.

214 4317 229 4358 ΙΙ
242 4319 334 4367 Mutth.
346 4319 421 4366 xxvii.
435 4317 473 4366 οδ.
491 4319 549 4366 Joh.
562 4321 612 4366 xix.
623 4331 644 4364 ι.
739 4318 747 4357 ¹
763 4317 824 4366 Enni.
837 4316 880 4364 liii.
892 4333 916 4376 4.
1007 4317 1022 4357 ¹
1035 4315 1126 4365 Mattlu
1139 4317 1205 4364 xxvi.
1218 4315 1258 4376 67.

214 4382 331 4432 manin.
345 4385 386 4432 vii.
400 4397 436 4432 ιο.
482 4383 607 4432 nti-ah.
620 4382 696 4430 xxvii.
708 4395 749 4444 35.
799 4379 992 4432 nuatum.
1038 4381 1125 4432 oliuu.
1137 4382 1206 4432 xxiii.
1218 4383 1258 4444 40.

213 4449 295 4496 aton.
307 4448 406 4497 xiv-11.
474 4449 562 4498 aluid.
574 4449 624 4496 xix.
639 4461 677 4510 3ο.
745 4445 916 4496 rltid.x.18.
