3294 5192
796 422 1016 488 CANONES

775 709 980 786 ΚΑΝΩΝ
1010 710 1064 790 Ις.

443 869 560 949 Ὅσοι
594 867 853 974 ῥιψοκινδύνως
880 865 970 967 μήτε
1000 862 1064 945 τὸν
1101 865 1221 972 φόβον
1257 875 1322 946 τοῦ
1350 871 1446 946 Θεοῦ

393 996 466 1101 πρὸ
503 997 706 1103 ὀφθαλμῶν
743 994 892 1098 ἔχοντες,
920 992 1010 1093 μήτε
1045 992 1109 1074 τὸν
1144 991 1447 1093 ἐκκλησιαστικὸν

395 1121 528 1206 κανόνα
551 1121 681 1206 εἰδότες
704 1121 986 1226 ἀναχωρήσουσι
1011 1125 1076 1220 τῆς
1103 1121 1309 1222 ἐκκλησίας,
1326 1155 1442 1224 πρεσ-

395 1253 538 1356 βύτεροι
562 1249 585 1352 ἢ
614 1247 822 1349 διόκονοι,ἢ
848 1248 944 1334 ὅλως
968 1251 1006 1329 ἐν
1028 1255 1080 1357 τῷ
1100 1246 1221 1330 κανόνι
1238 1248 1474 1356 &foagium-5

397 1411 463 1461 νοι·
504 1379 602 1461 οίττοι
625 1380 787 1477 οὐδαμῶς
805 1379 922 1456 δεκτοὶ
943 1377 1155 1483 ὀφείλουσιν
1180 1373 1267 1456 εἶναι
1285 1378 1324 1457 ἐν
1347 1377 1449 1484 ἑτέρᾳ

398 1509 584 1614 ἐκκλησία,
622 1503 722 1585 α’λλὰ
748 1511 874 1584 πᾶσαν
906 1505 1025 1587 αὐτοῖς
1053 1503 1213 1606 ἀνάγκην
1249 1502 1451 1606 ἐπάγεσθαι

398 1635 479 1741 χρὴ,
503 1631 744 1738 ἀναστρὲφειν
770 1637 818 1715 εἶς
846 1628 911 1714 τὰς
932 1631 1066 1710 ἑαυτῶν
1092 1633 1289 1734 παροικίας,
1316 1627 1340 1731 ἢ
1367 1633 1447 1712 ἐπι·

398 1765 580 1863 μένοντας,
617 1755 872 1858 ἀκοινωνήτους
909 1754 996 1838 εἶναι
1032 1758 1220 1864 προσήκει.
1259 1765 1289 1838 εί
1327 1758 1365 1839 δὲ
1392 1764 1452 1840 καὶ

399 1887 614 1990 τολμήσειὲυ
630 1921 684 1970 τις
712 1882 927 1992 ὑφαρπάσαι
950 1884 1014 1967 τὸν
1031 1892 1083 1994 τῷ
1100 1887 1207 1994 ἑτέρῳ
1226 1887 1452 1992 διαφέροντα,
1465 1925 1503 1964 ιο

402 2023 460 2099 καὶ
477 2019 725 2122 χειροτονῆσαι
742 2016 781 2094 ἐν
797 2047 844 2118 τη
868 2015 976 2092 αὑτοῦ
994 2016 1179 2122 ἐκκλησία,
1192 2013 1243 2113 μὴ
1261 2047 1448 2116 συγκατα-

402 2146 582 2244 τιθεμὲνου
610 2151 674 2223 τοῦ
702 2142 791 2221 idion
819 2138 1027 2240 ἐπισκόπου,
1046 2140 1088 2220 οὗ
1115 2140 1342 2246 ἀνεχώρησεν
1370 2144 1390 2222 ὁ
1414 2145 1453 2221 ἐν

403 2281 455 2382 τῷ
473 2269 592 2353 κανόνι
610 2267 866 2377 ἐξεταζόμενος,
884 2267 1014 2373 ἄκυρος
1032 2268 1128 2349 ἑοτω
1147 2269 1170 2369 ἡ
1188 2270 1397 2374 χειροτονία.

783 2495 987 2570 ΚΑΝΩΝ
1016 2495 1080 2570 IZ.

460 2647 608 2748 Ἐπειδὴ
635 2652 769 2728 πολλοὶ
805 2651 843 2728 ἐν
874 2656 926 2757 τῷ
963 2646 1083 2729 κανόνι
1119 2649 1360 2756 ἐξεταζόμενα
1388 2651 1457 2753 τὴν
1470 2689 1504 2746 ¹5

406 2776 619 2883 πλεονεξίαν
643 2779 702 2855 καὶ
726 2775 791 2876 τὴν
816 2777 1090 2880 αίσχροκερδίαν
1108 2777 1303 2878 διώκοντες,
1321 2779 1453 2860 ἐπελά-

406 2911 513 2985 θοντο
549 2912 613 2984 τοῦ
641 2905 735 2983 θείου
762 2899 974 3006 γράμματος
1003 2903 1183 3006 λὲγοτπος,
1213 2901 1255 2984 τὸ
1286 2905 1458 3009 ἀργύριον

406 3034 514 3111 αὑτοῦ
542 3032 605 3110 οὐκ
633 3030 760 3110 ἔδωκεν
787 3030 844 3109 ἐπὶ
871 3027 976 3136 τόκῳ,
995 3033 1054 3110 καὶ
1080 3030 1304 3133 δανείζοντες,
1326 3034 1452 3113 ἑκατο-

531 3250 684 3310 CANON
704 3250 792 3310 XVI.
955 3251 1149 3330 pertinentem
1176 3253 1314 3313 audacter
1338 3254 1459 3314 invade-

451 3332 628 3409 Qnicunque
647 3342 758 3390 temere
779 3351 813 3390 oc
833 3331 911 3410 peri-
954 3351 996 3400 re,
1010 3341 1041 3390 et
1061 3333 1092 3390 in
1114 3353 1167 3392 sus
1186 3333 1308 3394 ecclesia
1323 3334 1460 3394 ordinere

410 3414 517 3482 culose,
531 3431 626 3490 neque
636 3411 770 3470 timorem
783 3411 839 3470 Dei
854 3431 914 3490 prae
954 3412 1123 3485 tentaverit,
1161 3435 1220 3474 uon
1257 3416 1459 3475 consentiente

410 3491 502 3552 oculis
516 3492 665 3559 habentes,
679 3511 734 3550 nec
742 3492 913 3550 ecclesiasti·
955 3491 1100 3571 episcopo,
1130 3514 1146 3552 a
1179 3515 1238 3573 quo
1265 3494 1405 3566 discessit,
1433 3497 1460 3554 is

411 3593 472 3631 com
492 3572 622 3651 regulum
641 3583 840 3650 agnoscentes,
855 3571 915 3631 dis-
955 3573 1006 3648 qui
1029 3574 1136 3650 regulae
1157 3575 1357 3654 mancipetur:
1379 3575 1460 3634 ordi·

411 3652 521 3712 cedunt
544 3654 581 3712 nb
601 3651 721 3712 ecclesie
742 3653 913 3732 presbyteri,
956 3653 1372 3732 nationehujuscemodiirrite
1380 3677 1460 3715 com.

412 3745 464 3792 out
478 3733 601 3800 diaconi,
617 3733 664 3791 vel
681 3734 847 3812 quicunque
861 3735 916 3792 sub
956 3734 1105 3813 probetur.

412 3815 512 3892 reguis
524 3833 643 3894 prorsus
655 3814 799 3873 existunt:
822 3814 852 3872 hi
867 3835 916 3874 ue·
1069 3815 1221 3875 CANON
1243 3817 1348 3876 XVII.

413 3914 556 3971 qusquam
578 3894 685 3953 debent
707 3894 738 3952 in
759 3895 844 3952 oliam
868 3915 915 3954 ec·
998 3896 1145 3970 Quoniam
1167 3896 1263 3964 multi,
1283 3899 1338 3956 sub
1358 3897 1461 3975 regulo

413 3975 529 4035 clesiam
543 3975 644 4053 recipi,
659 3974 709 4034 sed
728 3995 844 4033 omnem
865 3995 916 4034 uc-
957 3977 1120 4047 constituti,
1139 3977 1288 4036 avaritiam
1310 3988 1340 4038 et
1362 3978 1461 4056 turpis

414 4056 577 4115 cessitatem
594 4055 731 4115 convenit
751 4055 810 4114 illis
823 4056 915 4136 impo·
957 4057 1037 4116 lucra
1052 4068 1208 4124 sectantur,
1223 4058 1366 4136 oblitique
1383 4058 1460 4116 divi.

415 4138 455 4206 ni,
471 4147 504 4194 ut
519 4137 555 4194 nd
570 4155 636 4194 suas
655 4135 804 4215 parochias
818 4157 914 4196 rever·
956 4159 1001 4196 αα
1015 4138 1175 4216 scripturae,
1188 4137 1321 4205 dicentis,
1334 4138 1394 4211 Qui
1409 4159 1460 4218 pe·

415 4229 525 4287 tantur,
548 4216 627 4294 quod
650 4217 674 4276 si
699 4236 757 4274 nou
781 4217 914 4286 fecerint,
956 4218 1161 4277 cuuiumsuum
1174 4218 1325 4278 condedit
1339 4219 1375 4278 od
1390 4239 1460 4277 usu-

415 4309 531 4375 oportet
553 4317 603 4355 eos
624 4297 827 4357 communione
856 4299 916 4378 pri.
957 4319 1018 4357 rum
1029 4321 1039 4369 ,·
1061 4311 1197 4357 mutuum
1219 4299 1322 4360 dentes
1335 4299 1461 4360 centeni.

415 4378 485 4435 vari
528 4377 627 4454 Siquis
649 4388 745 4436 nutem
767 4376 804 4436 ud
826 4379 915 4437 alium
957 4379 1157 4457 mosexigunt:
1170 4378 1461 4454 justecensuitsanc·
