3294 5192
251 439 303 502 IN
328 440 360 504 S.
381 439 519 503 CYPR.
544 439 607 502 DE
631 439 788 503 OPERE
812 439 876 502 ΕΤ
899 439 1138 504 ELEEMOS.
1161 439 1223 503 851

221 611 259 674 Ρ.
273 628 346 694 297.
361 608 382 673 l.
400 629 447 674 12.
467 609 627 674 teritorio
644 607 728 674 cobis
748 631 808 674 irco
827 612 883 695 est]
909 611 1028 675 Postea
1042 609 1173 676 additur
1193 611 1227 676 in

176 696 315 782 vulgatis
339 695 550 759 editionibus:
593 696 632 759 ci
652 705 751 758 autem
776 697 902 780 consoni
923 697 1083 781 fuerimus
1100 707 1228 782 peccota

175 791 288 859 codro,
309 781 415 864 fidebis
436 789 465 846 ct
484 780 587 864 justas
607 790 649 844 est
668 782 821 846 Dacicus
845 782 900 867 qai
924 780 1007 846 notu
1024 793 1154 868 peccota
1178 783 1227 848 di·

175 868 287 931 minat.
316 868 549 944 Verumtamen,
565 866 626 931 etsi
640 887 679 930 ea
693 872 804 930 extent
818 867 852 931 in
863 867 1052 952 quibusdam
1067 868 1227 933 codicibus

176 953 325 1037 antiquis,
341 973 413 1018 oum
427 951 647 1017 desiderentur
661 951 693 1014 in
709 953 867 1016 sexdecim
882 953 1009 1030 nostris,
1022 953 1055 1016 in
1069 953 1179 1038 primis
1194 954 1227 1018 iu

177 1038 392 1124 Seguieriano,
416 1037 449 1100 in
470 1059 527 1101 sex
549 1037 744 1123 Anglicauis,
768 1044 802 1101 et
823 1038 909 1123 apud
931 1046 1077 1102 sanctum
1100 1039 1227 1126 Augus-

176 1123 279 1188 tinum
294 1123 326 1186 iu
341 1123 417 1187 locis
436 1143 533 1208 supra
554 1122 702 1200 laudatis,
718 1123 827 1208 putavi
842 1145 882 1188 ea
899 1145 963 1188 non
983 1145 1051 1188 esse
1066 1125 1092 1189 0
1135 1125 1226 1202 riani,

176 1210 232 1274 sed
251 1231 272 1272 a
295 1209 434 1293 quodam
457 1208 600 1272 studioso
623 1208 685 1272 huc
706 1209 865 1274 translata
890 1231 930 1274 ex
955 1209 1089 1294 epistola
1139 1211 1226 1276 ancti

175 1293 198 1356 J
201 1294 322 1358 oannis.
353 1295 447 1359 certe
462 1295 582 1394 absque
592 1294 631 1358 iis
642 1315 705 1358 non
717 1294 821 1358 miuus
831 1302 959 1359 constat
969 1317 1088 1360 seusus.
1107 1295 1225 1360 Bacca.

176 1379 239 1443 Sex
262 1380 422 1444 codicibus
442 1379 585 1465 Angbcis
606 1379 640 1442 in
662 1380 738 1443 edit.
760 1379 863 1446 Oxou.
891 1382 1145 1446 commemoratis
1170 1382 1227 1446 ad·

175 1465 271 1529 dendi
292 1472 367 1529 sunt
388 1465 479 1529 codd.
499 1466 563 1529 duo
583 1463 665 1529 Novi
684 1465 824 1566 Collegii,
848 1467 1118 1530 Meermanncnus
1143 1489 1227 1532 nuno

175 1572 273 1628 meus,
290 1562 324 1615 et
339 1559 474 1651 uterque
488 1550 676 1628 Drusianus,
697 1573 718 1614 a
737 1553 851 1634 quibus
865 1552 983 1616 absunt
1008 1553 1106 1617 verba
1122 1574 1143 1616 a
1165 1552 1226 1618 Ba·

175 1636 256 1700 lunio
271 1643 494 1721 praetermissa,
513 1657 622 1700 verum
640 1641 754 1700 extant
774 1637 807 1699 in
821 1637 897 1702 edit.
913 1637 1063 1724 Cypriani
1085 1637 1227 1723 principe

176 1728 210 1786 et
225 1721 349 1784 duobus
363 1721 472 1786 ulteris
486 1743 584 1806 penes
598 1743 649 1784 me
665 1720 780 1785 MStis.

220 1807 259 1870 P.
278 1826 350 1888 299.
365 1807 386 1870 l.
403 1827 414 1868 ι
419 1827 451 1892 5.
467 1828 530 1869 non
545 1813 673 1870 tantum
688 1827 709 1871 a
723 1807 871 1883 secunda,
887 1807 943 1871 sed
954 1830 974 1871 a
989 1808 1092 1892 prima
1106 1807 1224 1893 morte]

176 1892 287 1956 Prima
300 1913 396 1969 mors,
412 1891 574 1975 corporis;
599 1891 872 1956 secundaauimae.
902 1893 964 1957 Ait
974 1893 1081 1978 igitur,
1093 1894 1226 1958 eleemo-

175 1977 271 2062 synis,
294 1975 387 2041 bonis
407 1977 653 2062 operationibus,
673 1977 809 2061 primam
831 1977 916 2042 illam
932 1979 1073 2064 corporis
1090 1986 1226 2043 mortem

176 2062 334 2147 suspendi,
356 2062 500 2147 exemplo
520 2061 685 2126 Tabithae:
714 2062 886 2126 secundam
900 2085 984 2140 vero,
1001 2086 1071 2148 quae
1091 2071 1141 2129 est
1159 2065 1226 2128 ani·

175 2169 246 2224 mae,
258 2155 394 2212 mortem
406 2147 518 2212 evitari
529 2147 700 2233 adeptione
709 2147 783 2211 vitae
793 2156 933 2224 aterna,
946 2170 1016 2233 quse
1028 2150 1227 2235 promittitur

176 2233 321 2297 fidelibus
336 2233 436 2298 bonas
452 2233 653 2318 operationes
668 2233 883 2316 operantibus.
906 2234 1035 2298 ansur.

222 2319 302 2382 Ibid.
329 2319 349 2383 l.
365 2321 417 2383 28.
443 2327 477 2384 et
499 2319 666 2383 viduarum
690 2340 728 2382 ac
752 2321 942 2418 pauperum]
970 2319 1164 2384 Particulam
1189 2331 1225 2398 et,

177 2425 247 2488 quae
270 2404 343 2469 huic
364 2404 531 2469 sententiae
554 2405 587 2468 in
608 2403 749 2489 principe
770 2403 902 2489 alirsque
922 2405 1124 2482 editionibus,
1140 2413 1174 2470 et
1194 2406 1227 2470 in

177 2496 299 2574 septem
322 2484 383 2554 iliis
404 2491 564 2554 codicibus
585 2511 664 2573 quos
687 2490 755 2574 ipse
774 2491 903 2568 contuli,
920 2492 1051 2591 praefixa
1073 2499 1132 2568 est,
1157 2513 1228 2575 quae

176 2597 251 2640 vero
266 2575 299 2638 in
310 2575 402 2640 editt.
418 2575 592 2639 Baluziana
605 2583 639 2640 et
654 2576 758 2640 Onon.
775 2575 858 2639 male
873 2599 989 2642 omrssa
1000 2585 1059 2654 ost,
1072 2577 1226 2654 revocavi,

177 2682 249 2723 cum
271 2660 406 2725 sortasse
428 2661 461 2724 in
488 2661 594 2724 MStis
618 2682 693 2724 voce
715 2661 915 2744 praecedente
939 2673 1048 2726 moad
1073 2663 1229 2746 absorpta

177 2753 270 2809 esset.

223 2829 303 2893 Ibid.
327 2830 348 2894 l.
359 2849 412 2914 33.
436 2853 559 2915 eucarpo
577 2832 613 2894 io
630 2832 748 2894 comico
766 2832 842 2894 Jcso
863 2830 992 2916 Christi]
1016 2833 1110 2896 Istud
1130 2834 1165 2895 ic
1178 2853 1229 2896 nc-

177 2914 257 2978 miao
278 2916 354 2979 Jesa
384 2916 499 2979 cenni
521 2916 645 2979 addunt
664 2916 822 2978 nonnullae
847 2917 1021 2994 Versiones,
1044 2917 1136 2982 simul
1157 2939 1230 2980 cum

177 2999 227 3062 bis
242 3001 387 3084 patribus
398 3001 557 3085 prriano
575 3000 746 3063 Ambrosio
761 2999 1023 3084 Cassiodoroque.

222 3085 262 3147 P.
275 3104 348 3169 300.
365 3085 385 3147 l.
401 3104 452 3149 22.
470 3085 536 3149 illic
549 3087 607 3148 erit
620 3095 648 3148 ct
667 3107 718 3148 cor
736 3085 837 3168 tuum]
863 3085 938 3148 Illic
953 3107 1011 3170 pro
1028 3085 1072 3149 iti
1091 3109 1130 3150 ex
1145 3087 1229 3151 codi-

178 3169 268 3234 cibus
282 3171 409 3255 scriptis
423 3172 559 3254 reposui,
576 3170 650 3253 quia
661 3169 695 3232 in
709 3169 807 3255 ipsius
822 3169 972 3254 Cypriani
987 3170 1041 3233 lib.
1053 3171 1116 3235 111.
1135 3174 1229 3236 Tecti

177 3257 345 3320 merciorum
360 3259 393 3320 S.
406 3257 577 3341 Scripturas
591 3277 622 3340 p.
634 3273 687 3340 59.
703 3255 780 3318 edit.
803 3255 907 3319 Oxou.
927 3255 973 3320 sic
991 3255 1080 3320 locus
1097 3279 1228 3343 evange-

177 3341 260 3405 listae
273 3342 415 3405 affertur.

223 3427 261 3489 P.
273 3447 349 3509 301·
367 3426 385 3489 l.
401 3445 452 3509 23.
476 3425 539 3489 Sed
560 3425 678 3490 vereris
699 3432 733 3489 et
755 3425 885 3512 metuis]
914 3425 1070 3491 Restituit
1090 3427 1228 3512 priorem

177 3511 353 3584 lectionem,
378 3513 416 3574 si
436 3513 548 3575 cereris
569 3521 597 3574 et
617 3509 1016 3595 mauis,Bnluzius,qun1n
1038 3519 1227 3589 mutaverat,

178 3596 241 3660 fide
270 3597 364 3661 nixus
393 3604 530 3680 quatuor
563 3595 862 3679 manuscriptorum,
899 3596 1016 3660 Fellus.
1073 3597 1118 3661 lis
1149 3597 1229 3662 alios

179 3691 301 3766 septem
316 3703 400 3746 nunc
414 3682 509 3755 addo,
524 3681 691 3746 lectionem
712 3703 782 3765 quae
804 3681 881 3744 mihi
895 3682 1010 3765 placet,
1026 3690 1226 3765 pnustantes,

179 3781 277 3851 atque
288 3769 335 3831 ita
343 3789 473 3851 prorsus
483 3767 659 3832 constituta
670 3775 720 3831 est
728 3766 834 3831 oratio
843 3788 917 3830 mox
929 3767 1020 3845 infra,
1032 3768 1086 3831 ubi
1097 3769 1228 3831 verbum

179 3854 287 3916 nectare
301 3853 447 3917 occurrit.

224 3937 261 4000 P.
274 3957 350 4022 303.
369 3937 389 4002 l.
414 3957 459 4001 ιι.
487 3936 638 4022 subsidia]
664 3937 800 4002 Addunt
821 3938 893 4002 citoe
912 3937 1066 4002 editiones
1087 3936 1228 4000 Manuti-

179 4043 275 4086 anam
290 4032 417 4096 secutae,
433 4023 489 4087 sed
504 4045 613 4086 vocem
627 4022 737 4098 delevi,
753 4022 870 4087 ideirco
885 4023 970 4106 qued
981 4021 1104 4086 monuit
1116 4023 1229 4085 Pame-

179 4107 240 4172 lius
262 4119 380 4194 praetsr
404 4109 530 4172 Manut.
553 4107 672 4171 nullum
694 4107 834 4172 codicem
855 4107 957 4192 ipsam
979 4108 1093 4192 legere.
1132 4107 1230 4172 Aue·

180 4215 253 4256 rnen
282 4194 315 4257 in
344 4194 483 4260 editione
513 4192 727 4278 Lugdunensi,
758 4215 829 4277 quae
859 4193 1058 4258 Manutiauae
1093 4193 1227 4277 praeivit,

180 4279 313 4343 eandem
342 4279 456 4344 inveni.
511 4281 613 4343 Porro
638 4285 746 4343 autem
771 4299 880 4342 vocem
909 4277 966 4342 tihi
991 4287 1064 4363 post
1089 4279 1229 4364 operanti
