3326 5200
385 447 452 511 214
721 442 787 506 AN
793 441 1101 507 NOTATIONES

386 617 561 683 tentiarum
583 616 662 680 ordo
680 614 821 679 rovocari
842 614 968 691 debeat,
989 634 1081 697 aequc
1102 617 1212 676 tamon
1233 608 1433 676 scribendum

386 703 479 777 foret,
495 702 549 767 ssd
561 722 654 788 quasa
668 723 717 764 voc
730 700 900 764 arderetis.

431 790 472 852 P.
488 807 557 872 159.
574 787 594 850 l.
609 805 657 851 10.
673 786 727 871 qui
750 785 942 864 exorbitant,
958 791 992 849 et
1006 783 1079 848 fidei
1094 783 1239 849 veritatis
1260 781 1434 867 periculum

388 897 452 940 non
477 873 604 960 cavent]
634 872 817 958 Legendum
846 871 984 956 putabat
1007 869 1125 934 Junius
1141 869 1214 954 fids
1243 890 1308 932 non
1327 868 1409 950 fidei
1421 892 1432 938 ‚-

387 968 541 1045 extatque
566 958 695 1130 inguipsa
718 958 813 1042 hujus
832 956 929 1022 libelli
951 955 1100 1031 clausula,
1127 977 1223 1040 quam
1245 960 1320 1039 post
1343 953 1367 1017 J
1369 952 1434 1016 unii

389 1054 535 1131 tempora
549 1045 590 1108 Ri
642 1043 708 1108 tius
722 1043 848 1127 adjecit,
865 1043 982 1108 locutio
1004 1043 1039 1106 ιἰι
1051 1041 1118 1124 fido
1139 1041 1288 1105 caritatis.
1332 1040 1435 1103 Porro

389 1132 500 1199 scribit
515 1131 548 1196 S.
565 1131 684 1195 Paulus
701 1132 734 1194 ἐν
748 1133 886 1214 ἁγιασμῷ
901 1131 1075 1208 πνεύματος,
1093 1128 1141 1191 καὶ
1162 1129 1262 1191 clere
1283 1127 1433 1204 ἀληθείας.

392 1237 409 1283 2
429 1219 527 1283 sum.
543 1217 575 1281 ii.
594 1236 641 1301 ¹3·
686 1216 889 1300 Quapropter
909 1214 1014 1278 locum
1028 1214 1076 1278 its
1090 1213 1168 1277 refin
1212 1213 1291 1298 ,qul
1312 1211 1435 1276 exorbi-

389 1311 497 1370 tantes
511 1303 574 1367 fide
589 1302 736 1378 cecitatis,
745 1301 921 1387 pericolum
934 1321 993 1364 con
1008 1309 1121 1364 ccccm.
1192 1307 1326 1363 aetsrum
1348 1297 1434 1374 illud,

389 1391 474 1476 cupit
487 1389 620 1474 opinari,
636 1409 694 1472 pro
709 1409 747 1451 co
762 1387 848 1472 qnod
862 1394 921 1463 cst,
930 1386 1117 1471 potestfiai,
1128 1394 1163 1449 ut
1176 1385 1255 1449 talio
1265 1384 1435 1470 opinentur,

389 1477 444 1562 qai
458 1473 654 1540 maanes
670 1475 728 1537 &a
743 1495 831 1537 more
846 1471 1033 1537 Tertulliani
1048 1477 1098 1536 est
1111 1471 1262 1557 positum.

434 1561 516 1625 Ibid.
532 1561 553 1623 l.
571 1562 620 1626 16.
635 1559 732 1624 etiam
755 1557 934 1644 specialiter
953 1557 1142 1643 quibusdam
1159 1553 1435 1642 respondebimus]

392 1648 466 1713 Hoc
492 1668 567 1710 vero
589 1644 742 1732 praestitit
765 1645 854 1709 libris
876 1645 1028 1708 adversus
1053 1643 1261 1716 Marcionem,
1286 1643 1438 1706 adversus

391 1733 644 1808 Valentinianos,
660 1732 811 1795 adversus
826 1730 985 1794 Praxoam
1002 1731 1059 1793 &c
1106 1727 1240 1793 Minime
1258 1735 1366 1792 autam
1389 1749 1436 1790 sa-

391 1819 501 1905 quenti
523 1817 683 1904 opusculo,
699 1838 773 1881 nam
795 1838 833 1880 eo
855 1823 982 1882 tantum
1008 1815 1189 1880 indicantur
1207 1815 1353 1890 haereses,
1374 1833 1439 1876 non

391 1906 605 1971 confutantur.
630 1903 758 1968 Rasin

436 1992 519 2055 Ibid.
535 1990 555 2055 l.
573 1992 622 2054 16.
639 1989 721 2054 Haec
742 1989 775 2052 in
796 1989 860 2052 fide
877 1986 1021 2053 veritatis
1049 1987 1120 2072 δια]
1147 1985 1254 2050 Voces
1275 1983 1439 2085 usquead

392 2078 538 2142 rrltimum
566 2076 697 2140 verbum
733 2075 874 2160 baptist
909 2073 1029 2159 primus
1057 2072 1183 2137 addidit
1212 2070 1371 2158 Rigaltrus
1406 2070 1439 2134 in

392 2164 531 2229 editione
554 2184 611 2226 sua
631 2161 784 2225 librorum
806 2182 919 2224 novem
943 2159 1139 2224 Tertulliani.
1185 2158 1248 2222 Hae
1271 2179 1346 2222 vero
1367 2157 1439 2221 idac

393 2250 517 2314 omissae
543 2270 612 2312 esse
638 2247 670 2310 in
692 2246 801 2310 multis
823 2246 983 2311 codicibus
1002 2245 1159 2322 videntur,
1175 2251 1211 2308 ut
1233 2243 1345 2308 melius
1366 2263 1438 2307 cum

393 2336 454 2399 hoc
471 2355 566 2419 opera
583 2333 758 2398 cobaereret
774 2331 906 2409 libellus,
927 2332 1050 2416 dequo
1072 2330 1155 2394 iflico
1179 2330 1295 2395 dicturi
1318 2351 1437 2393 sumus.

395 2420 433 2484 In
449 2419 589 2484 clausula
603 2425 712 2484 autem
727 2419 798 2495 ista,
814 2419 892 2482 Hoec
913 2419 947 2480 ιἰι
963 2417 1029 2502 fide
1050 2417 1187 2480 caritatis
1207 2417 1237 2479 oi
1252 2461 1438 2479 ........

394 2503 551 2592 lacentibus
567 2527 635 2590 pac
656 2514 683 2568 ct
704 2504 810 2590 pratia
824 2503 953 2567 Damam
975 2504 1070 2566 nostri
1083 2503 1158 2566 Jeac
1175 2501 1289 2566 obruisti
1303 2503 1337 2564 ia
1351 2511 1438 2566 cotor-

394 2614 476 2669 ιιιιιιι,
492 2591 606 2656 lacuna
620 2591 680 2654 hoc
695 2589 743 2654 vel
758 2589 821 2654 alio
836 2589 975 2674 quodam
989 2588 1085 2652 modo
1100 2588 1275 2673 supplenda
1288 2596 1348 2665 est,
1361 2588 1440 2651 citra

394 2677 614 2742 moillctiorwm
628 2674 793 2761 lacentibus.

437 2785 555 2827 consus
585 2785 755 2826 unanimos
784 2763 947 2861 uxamam]
976 2760 1015 2824 In
1044 2760 1151 2825 codice
1181 2758 1348 2846 Agobardi
1377 2781 1441 2822 non

395 2850 481 2914 ultra
503 2849 609 2935 pergit
630 2848 711 2912 liber
735 2847 785 2912 De
812 2847 1056 2932 Praesonptione
1080 2846 1324 2923 Haereticorum,
1340 2866 1442 2929 nequo

395 2936 460 3001 ulla
485 2935 523 3000 lit
546 2935 666 2999 mentio
689 2933 851 3019 sequentis
874 2932 1025 3018 opusculi,
1051 2933 1136 3018 quod
1163 2932 1283 3017 incipit,
1308 2932 1443 3010 Quorum

394 3022 610 3098 heroicorum,
626 3030 661 3085 ut
667 3019 767 3105 pluro
774 3028 960 3104 praetcrecm
975 3020 1032 3083 &a
1077 3018 1122 3084 Et
1139 3018 1261 3103 jacebit
1276 3017 1441 3098 ἀκέφαλον,

395 3107 455 3172 nisi
481 3107 614 3171 dicimus
639 3106 684 3170 sic
709 3127 730 3170 a
759 3105 955 3170 Tertulliano
978 3105 1137 3169 adnexum
1159 3104 1256 3168 fuisso
1279 3102 1367 3188 operi
1392 3102 1443 3166 De

396 3192 642 3293 Praescripticne
665 3191 908 3267 Haereticomm,
930 3196 968 3255 ut
991 3212 1029 3254 co
1052 3190 1209 3267 absoluto,
1234 3211 1305 3254 cum
1329 3187 1444 3272 aliquis

396 3280 625 3364 adscripsisset
642 3278 782 3362 septica
803 3277 840 3342 dc
859 3277 1099 3361 Proeacriptioac
1112 3276 1343 3351 [scrutamine
1359 3274 1443 3337 idem

397 3365 538 3451 quisquis
557 3364 608 3428 ille
629 3363 734 3440 suerit,
751 3363 819 3447 ejus
840 3362 900 3427 aevi
922 3361 1067 3447 scriptor,
1083 3384 1142 3447 pro
1163 3361 1259 3427 titulo
1282 3359 1443 3445 sequentis

397 3450 538 3536 opusculi
560 3449 739 3534 subjecerit,
763 3450 896 3528 Quorum
917 3447 1144 3515 laubaca:
1169 3448 1302 3512 daturus
1324 3445 1444 3510 scilicet

397 3536 578 3622 catalogum
590 3557 708 3612 eorum,
721 3557 800 3620 quos
810 3532 950 3621 generali
965 3533 1202 3619 prascriptione
1213 3533 1444 3597 submovendos

397 3628 549 3773 tta
561 3617 1445 3771 weibillilbipiTribulifflfftiimssibiiiiil‘

397 3797 521 3872 beatur,
538 3730 769 3879 prbptereaque
784 3729 893 3856 nullibi
909 3728 1100 3858 citatumqab
1122 3728 1257 3857 aulhore
1271 3788 1444 3875 separatim

398 3877 1221 4051 tlssttsslttbltttlltbfflt
1235 3875 1445 4026 isstlfflfflt.

400 4053 534 4118 Praescr.
552 4051 795 4117 Haeretiocrum.
819 4049 947 4114 chrnr.
993 4050 1036 4127 Si,
1052 4059 1090 4115 nt
1111 4049 1283 4135 opinantur
1296 4046 1444 4122 Allixins,

401 4137 595 4214 Noesseltus,
625 4137 749 4223 aliique,
780 4143 854 4222 post
883 4136 1070 4201 Tertulliani
1100 4136 1223 4220 lapsum
1252 4132 1446 4218 compositus

400 4223 461 4288 luit
475 4223 526 4288 hic
548 4223 627 4288 liber
641 4225 690 4288 Do
705 4223 955 4309 Proescripticnc,
971 4222 1044 4286 hinc
1067 4244 1143 4286 sane
1165 4221 1229 4285 duo
1251 4220 1304 4284 isti
1326 4225 1446 4284 tracta·

399 4316 455 4373 tus
469 4308 610 4373 diversos
624 4316 772 4374 auctores
787 4309 928 4373 habeant
943 4307 1072 4372 omnino
1092 4329 1218 4372 neccsse
1241 4314 1300 4370 est.
1346 4303 1446 4370 Haud
