<?xml version="1.0" encoding="UTF-8"?>
<!DOCTYPE html PUBLIC "-//W3C//DTD XHTML 1.0 Transitional//EN"
    "http://www.w3.org/TR/xhtml1/DTD/xhtml1-transitional.dtd">
<html xmlns="http://www.w3.org/1999/xhtml" xml:lang="en" lang="en">
 <head>
  <title>
</title>
<meta http-equiv="Content-Type" content="text/html;charset=utf-8" />
  <meta name='ocr-system' content='tesseract 3.04.00' />
  <meta name='ocr-capabilities' content='ocr_page ocr_carea ocr_par ocr_line ocrx_word'/>
</head>
<body>
  <div class='ocr_page' id='page_1' title='image "./scriptorumeccle00routgoog_0130.png"; bbox 0 0 3316 5198; ppageno 0'>
   <div class='ocr_carea' id='block_1_1' title="bbox 559 463 1258 530">
    <p class='ocr_par' dir='ltr' id='par_1_1' title="bbox 559 463 1258 530">
     <span class='ocr_line' id='line_1_1' title="bbox 559 463 1258 530; baseline -0.004 -3"><span class='ocrx_word' id='word_1_1' title='bbox 559 465 623 528; x_wconf 89' lang='lat' dir='ltr'><strong>DE</strong></span> <span class='ocrx_word' id='word_1_2' title='bbox 644 463 906 530; x_wconf 85' lang='lat' dir='ltr'><strong>ORATIONE.</strong></span> <span class='ocrx_word' id='word_1_3' title='bbox 1194 463 1258 525; x_wconf 81' lang='grc'><strong>113</strong></span> 
     </span>
    </p>
   </div>
   <div class='ocr_carea' id='block_1_2' title="bbox 166 637 1424 4445">
    <p class='ocr_par' dir='ltr' id='par_1_2' title="bbox 209 637 1309 1082">
     <span class='ocr_line' id='line_1_2' title="bbox 209 637 1309 733; baseline 0.002 -24"><span class='ocrx_word' id='word_1_4' title='bbox 209 639 316 709; x_wconf 85' lang='lat' dir='ltr'><strong>statio</strong></span> <span class='ocrx_word' id='word_1_5' title='bbox 346 638 514 709; x_wconf 87' lang='lat' dir='ltr'><strong>solvenda</strong></span> <span class='ocrx_word' id='word_1_6' title='bbox 540 640 587 708; x_wconf 90' lang='lat' dir='ltr'><strong>sit</strong></span> <span class='ocrx_word' id='word_1_7' title='bbox 612 648 759 733; x_wconf 89' lang='lat' dir='ltr'><strong>accepto</strong></span> <span class='ocrx_word' id='word_1_8' title='bbox 784 661 929 732; x_wconf 91' lang='lat' dir='ltr'><strong>corpore</strong></span> <span class='ocrx_word' id='word_1_9' title='bbox 954 637 1109 709; x_wconf 88' lang='lat' dir='ltr'><strong>Domini.</strong></span> <span class='ocrx_word' id='word_1_10' title='bbox 1163 637 1258 730; x_wconf 84' lang='lat' dir='ltr'><strong>Ergo</strong></span> <span class='ocrx_word' id='word_1_11' title='bbox 1307 703 1309 711; x_wconf 77' lang='grc'><strong>.</strong></span> 
     </span>
     <span class='ocr_line' id='line_1_3' title="bbox 209 753 1258 848; baseline 0.001 -25"><span class='ocrx_word' id='word_1_12' title='bbox 209 754 380 825; x_wconf 91' lang='lat' dir='ltr'><strong>devotum</strong></span> <span class='ocrx_word' id='word_1_13' title='bbox 411 753 491 825; x_wconf 91' lang='lat' dir='ltr'><strong>Deo</strong></span> <span class='ocrx_word' id='word_1_14' title='bbox 521 755 729 848; x_wconf 80' lang='lat' dir='ltr'><strong>obsequium</strong></span> <span class='ocrx_word' id='word_1_15' title='bbox 760 755 972 826; x_wconf 78' lang='lat' dir='ltr'><strong>eucharistia</strong></span> <span class='ocrx_word' id='word_1_16' title='bbox 998 753 1165 826; x_wconf 70' lang='lat' dir='ltr'><strong>resolvit?</strong></span> <span class='ocrx_word' id='word_1_17' title='bbox 1196 753 1258 824; x_wconf 89' lang='lat' dir='ltr'><strong>An</strong></span> 
     </span>
     <span class='ocr_line' id='line_1_4' title="bbox 209 869 1257 966; baseline 0 -26"><span class='ocrx_word' id='word_1_18' title='bbox 209 871 322 964; x_wconf 83' lang='lat' dir='ltr'><strong>magis</strong></span> <span class='ocrx_word' id='word_1_19' title='bbox 351 869 431 942; x_wconf 90' lang='lat' dir='ltr'><strong>Deo</strong></span> <span class='ocrx_word' id='word_1_20' title='bbox 461 871 619 966; x_wconf 73' lang='lat' dir='ltr'><strong>obligati</strong></span> <span class='ocrx_word' id='word_1_21' title='bbox 660 871 792 942; x_wconf 84' lang='lat' dir='ltr'>Nonne</span> <span class='ocrx_word' id='word_1_22' title='bbox 826 871 1016 943; x_wconf 85' lang='lat' dir='ltr'><strong>solemnior</strong></span> <span class='ocrx_word' id='word_1_23' title='bbox 1049 872 1117 942; x_wconf 91' lang='lat' dir='ltr'><strong>erit</strong></span> <span class='ocrx_word' id='word_1_24' title='bbox 1151 871 1257 941; x_wconf 86' lang='lat' dir='ltr'><strong>statio</strong></span> 
     </span>
     <span class='ocr_line' id='line_1_5' title="bbox 210 986 1259 1082; baseline 0.001 -25"><span class='ocrx_word' id='word_1_25' title='bbox 210 995 282 1069; x_wconf 79' lang='lat' dir='ltr'><strong>tua,</strong></span> <span class='ocrx_word' id='word_1_26' title='bbox 313 988 343 1057; x_wconf 94' lang='lat' dir='ltr'><strong>si</strong></span> <span class='ocrx_word' id='word_1_27' title='bbox 368 996 407 1058; x_wconf 92' lang='lat' dir='ltr'><strong>et</strong></span> <span class='ocrx_word' id='word_1_28' title='bbox 431 989 477 1058; x_wconf 91' lang='lat' dir='ltr'><strong>ad</strong></span> <span class='ocrx_word' id='word_1_29' title='bbox 503 1011 600 1059; x_wconf 88' lang='lat' dir='ltr'><strong>aram</strong></span> <span class='ocrx_word' id='word_1_30' title='bbox 631 988 701 1059; x_wconf 90' lang='lat' dir='ltr'><strong>Dei</strong></span> <span class='ocrx_word' id='word_1_31' title='bbox 729 988 895 1059; x_wconf 76' lang='lat' dir='ltr'><strong>steteris?</strong></span> <span class='ocrx_word' id='word_1_32' title='bbox 922 986 1084 1082; x_wconf 88' lang='lat' dir='ltr'><strong>Accepto</strong></span> <span class='ocrx_word' id='word_1_33' title='bbox 1114 1011 1259 1080; x_wconf 89' lang='lat' dir='ltr'><strong>corpore</strong></span> 
     </span>
    </p>

    <p class='ocr_par' dir='ltr' id='par_1_3' title="bbox 182 1101 1260 1652">
     <span class='ocr_line' id='line_1_6' title="bbox 182 1101 1260 1196; baseline 0.001 -24"><span class='ocrx_word' id='word_1_34' title='bbox 182 1101 368 1185; x_wconf 82' lang='lat' dir='ltr'><strong>sDomini,</strong></span> <span class='ocrx_word' id='word_1_35' title='bbox 385 1111 423 1172; x_wconf 91' lang='lat' dir='ltr'><strong>et</strong></span> <span class='ocrx_word' id='word_1_36' title='bbox 448 1113 635 1186; x_wconf 89' lang='lat' dir='ltr'><strong>reservato,</strong></span> <span class='ocrx_word' id='word_1_37' title='bbox 653 1114 845 1196; x_wconf 90' lang='lat' dir='ltr'><strong>utrumque</strong></span> <span class='ocrx_word' id='word_1_38' title='bbox 872 1103 1009 1174; x_wconf 91' lang='lat' dir='ltr'><strong>salvum</strong></span> <span class='ocrx_word' id='word_1_39' title='bbox 1034 1112 1099 1187; x_wconf 88' lang='lat' dir='ltr'><strong>est,</strong></span> <span class='ocrx_word' id='word_1_40' title='bbox 1123 1111 1161 1173; x_wconf 91' lang='grc'><strong>11</strong></span> <span class='ocrx_word' id='word_1_41' title='bbox 1181 1125 1260 1195; x_wconf 88' lang='lat' dir='ltr'><strong>par-</strong></span> 
     </span>
     <span class='ocr_line' id='line_1_7' title="bbox 211 1219 1258 1312; baseline 0 -22"><span class='ocrx_word' id='word_1_42' title='bbox 211 1221 372 1312; x_wconf 86' lang='lat' dir='ltr'><strong>ticipatio</strong></span> <span class='ocrx_word' id='word_1_43' title='bbox 389 1220 558 1302; x_wconf 88' lang='lat' dir='ltr'><strong>sacrificii,</strong></span> <span class='ocrx_word' id='word_1_44' title='bbox 577 1230 615 1290; x_wconf 92' lang='lat' dir='ltr'><strong>et</strong></span> <span class='ocrx_word' id='word_1_45' title='bbox 632 1222 825 1312; x_wconf 82' lang='lat' dir='ltr'><strong>exequutio</strong></span> <span class='ocrx_word' id='word_1_46' title='bbox 847 1220 962 1290; x_wconf 88' lang='lat' dir='ltr'><strong>officii.</strong></span> <span class='ocrx_word' id='word_1_47' title='bbox 1015 1219 1055 1290; x_wconf 88' lang='lat' dir='ltr'><strong>Si</strong></span> <span class='ocrx_word' id='word_1_48' title='bbox 1081 1221 1187 1291; x_wconf 91' lang='lat' dir='ltr'><strong>statio</strong></span> <span class='ocrx_word' id='word_1_49' title='bbox 1213 1221 1258 1290; x_wconf 94' lang='lat' dir='ltr'><strong>de</strong></span> 
     </span>
     <span class='ocr_line' id='line_1_8' title="bbox 211 1333 1260 1432; baseline 0.001 -26"><span class='ocrx_word' id='word_1_50' title='bbox 211 1335 355 1406; x_wconf 86' lang='lat' dir='ltr'><strong>militari</strong></span> <span class='ocrx_word' id='word_1_51' title='bbox 373 1336 538 1430; x_wconf 88' lang='lat' dir='ltr'><strong>exemplo</strong></span> <span class='ocrx_word' id='word_1_52' title='bbox 563 1359 694 1408; x_wconf 88' lang='lat' dir='ltr'><strong>nomen</strong></span> <span class='ocrx_word' id='word_1_53' title='bbox 720 1339 848 1432; x_wconf 90' lang='lat' dir='ltr'><strong>accipit</strong></span> <span class='ocrx_word' id='word_1_54' title='bbox 866 1337 963 1426; x_wconf 87' lang='lat' dir='ltr'><strong>(nam</strong></span> <span class='ocrx_word' id='word_1_55' title='bbox 981 1345 1019 1407; x_wconf 93' lang='lat' dir='ltr'><strong>et</strong></span> <span class='ocrx_word' id='word_1_56' title='bbox 1044 1334 1172 1408; x_wconf 83' lang='lat' dir='ltr'><strong>militia</strong></span> <span class='ocrx_word' id='word_1_57' title='bbox 1188 1333 1260 1407; x_wconf 78' lang='lat' dir='ltr'><strong>Da·</strong></span> 
     </span>
     <span class='ocr_line' id='line_1_9' title="bbox 210 1452 1260 1549; baseline 0.002 -27"><span class='ocrx_word' id='word_1_58' title='bbox 210 1456 342 1547; x_wconf 78' lang='grc'><strong>1111111)</strong></span> <span class='ocrx_word' id='word_1_59' title='bbox 361 1452 552 1542; x_wconf 70' lang='grc'><strong>(201111.</strong></span> <span class='ocrx_word' id='word_1_60' title='bbox 572 1457 606 1524; x_wconf 84' lang='lat'><strong>4.</strong></span> <span class='ocrx_word' id='word_1_61' title='bbox 643 1458 663 1524; x_wconf 94' lang='grc'><strong>1</strong></span> <span class='ocrx_word' id='word_1_62' title='bbox 683 1453 773 1525; x_wconf 85' lang='lat' dir='ltr'><strong>Tim.</strong></span> <span class='ocrx_word' id='word_1_63' title='bbox 791 1455 813 1523; x_wconf 95' lang='lat' dir='ltr'><strong>i.</strong></span> <span class='ocrx_word' id='word_1_64' title='bbox 833 1458 907 1549; x_wconf 89' lang='grc'><strong>18.)</strong></span> <span class='ocrx_word' id='word_1_65' title='bbox 925 1454 1049 1546; x_wconf 91' lang='lat' dir='ltr'><strong>utique</strong></span> <span class='ocrx_word' id='word_1_66' title='bbox 1073 1452 1173 1525; x_wconf 89' lang='lat' dir='ltr'><strong>nulla</strong></span> <span class='ocrx_word' id='word_1_67' title='bbox 1197 1452 1260 1524; x_wconf 87' lang='lat' dir='ltr'><strong>lae·</strong></span> 
     </span>
     <span class='ocr_line' id='line_1_10' title="bbox 211 1569 1259 1652; baseline 0.003 -16"><span class='ocrx_word' id='word_1_68' title='bbox 211 1570 300 1650; x_wconf 88' lang='lat' dir='ltr'><strong>titia,</strong></span> <span class='ocrx_word' id='word_1_69' title='bbox 314 1570 389 1638; x_wconf 90' lang='lat' dir='ltr'><strong>sive</strong></span> <span class='ocrx_word' id='word_1_70' title='bbox 405 1570 549 1640; x_wconf 85' lang='lat' dir='ltr'><strong>tristitia</strong></span> <span class='ocrx_word' id='word_1_71' title='bbox 566 1571 757 1641; x_wconf 81' lang='lat' dir='ltr'><strong>obveniens</strong></span> <span class='ocrx_word' id='word_1_72' title='bbox 774 1571 906 1652; x_wconf 87' lang='lat' dir='ltr'><strong>castris,</strong></span> <span class='ocrx_word' id='word_1_73' title='bbox 921 1572 1090 1640; x_wconf 87' lang='lat' dir='ltr'><strong>stationes</strong></span> <span class='ocrx_word' id='word_1_74' title='bbox 1103 1569 1259 1640; x_wconf 90' lang='lat' dir='ltr'><strong>militum</strong></span> 
     </span>
    </p>

    <p class='ocr_par' dir='ltr' id='par_1_4' title="bbox 166 1685 1260 1896">
     <span class='ocr_line' id='line_1_11' title="bbox 166 1685 1260 1768; baseline 0 -14"><span class='ocrx_word' id='word_1_75' title='bbox 166 1686 388 1757; x_wconf 85' lang='lat' dir='ltr'><strong>rorescindit.</strong></span> <span class='ocrx_word' id='word_1_76' title='bbox 440 1686 538 1757; x_wconf 93' lang='lat' dir='ltr'><strong>Nam</strong></span> <span class='ocrx_word' id='word_1_77' title='bbox 564 1687 691 1758; x_wconf 87' lang='lat' dir='ltr'><strong>laetitia</strong></span> <span class='ocrx_word' id='word_1_78' title='bbox 719 1687 897 1768; x_wconf 89' lang='lat' dir='ltr'><strong>libentius,</strong></span> <span class='ocrx_word' id='word_1_79' title='bbox 921 1688 1065 1756; x_wconf 81' lang='lat' dir='ltr'><strong>tristitia</strong></span> <span class='ocrx_word' id='word_1_80' title='bbox 1090 1685 1260 1756; x_wconf 80' lang='lat' dir='ltr'><strong>solicitius</strong></span> 
     </span>
     <span class='ocr_line' id='line_1_12' title="bbox 211 1801 719 1896; baseline 0.002 -26"><span class='ocrx_word' id='word_1_81' title='bbox 211 1801 472 1872; x_wconf 83' lang='lat' dir='ltr'><strong>administrabit</strong></span> <span class='ocrx_word' id='word_1_82' title='bbox 489 1802 719 1896; x_wconf 82' lang='lat' dir='ltr'><strong>disciplinam.</strong></span> 
     </span>
    </p>

    <p class='ocr_par' dir='ltr' id='par_1_5' title="bbox 212 1913 1424 2246">
     <span class='ocr_line' id='line_1_13' title="bbox 262 1913 1422 2033; baseline 0.003 -48"><span class='ocrx_word' id='word_1_83' title='bbox 262 1915 322 1986; x_wconf 82' lang='lat' dir='ltr'><strong>Dn</strong></span> <span class='ocrx_word' id='word_1_84' title='bbox 355 1917 481 1988; x_wconf 88' lang='lat' dir='ltr'><strong>habitu</strong></span> <span class='ocrx_word' id='word_1_85' title='bbox 515 1943 598 1990; x_wconf 91' lang='lat' dir='ltr'><strong>vero</strong></span> <span class='ocrx_word' id='word_1_86' title='bbox 632 1920 820 1989; x_wconf 75' lang='lat' dir='ltr'><strong>dumtaxat</strong></span> <span class='ocrx_word' id='word_1_87' title='bbox 854 1919 1075 2001; x_wconf 75' lang='grc'><strong>111111111111,</strong></span> <span class='ocrx_word' id='word_1_88' title='bbox 1110 1920 1260 1989; x_wconf 87' lang='lat' dir='ltr'><strong>varietas</strong></span> <span class='ocrx_word' id='word_1_89' title='bbox 1269 1913 1422 2033; x_wconf 54' lang='lat' dir='ltr'><strong>ssglffffi·</strong></span> 
     </span>
     <span class='ocr_line' id='line_1_14' title="bbox 212 2032 1424 2127; baseline -0.006 -25"><span class='ocrx_word' id='word_1_90' title='bbox 212 2032 465 2104; x_wconf 82' lang='lat' dir='ltr'><strong>observationis</strong></span> <span class='ocrx_word' id='word_1_91' title='bbox 498 2034 618 2118; x_wconf 88' lang='lat' dir='ltr'><strong>efficit,</strong></span> <span class='ocrx_word' id='word_1_92' title='bbox 652 2043 733 2127; x_wconf 92' lang='lat' dir='ltr'><strong>post</strong></span> <span class='ocrx_word' id='word_1_93' title='bbox 766 2035 1024 2106; x_wconf 88' lang='lat' dir='ltr'><strong>sanctissimum</strong></span> <span class='ocrx_word' id='word_1_94' title='bbox 1059 2035 1259 2127; x_wconf 91' lang='lat' dir='ltr'><strong>apostolum</strong></span> <span class='ocrx_word' id='word_1_95' title='bbox 1268 2049 1325 2100; x_wconf 73' lang='lat' dir='ltr'><strong>aas</strong></span> <span class='ocrx_word' id='word_1_96' title='bbox 1327 2063 1424 2097; x_wconf 64' lang='lat' dir='ltr'><strong>mmmmm</strong></span> 
     </span>
     <span class='ocr_line' id='line_1_15' title="bbox 212 2149 1262 2246; baseline 0.003 -28"><span class='ocrx_word' id='word_1_97' title='bbox 212 2171 276 2219; x_wconf 92' lang='lat' dir='ltr'><strong>nos</strong></span> <span class='ocrx_word' id='word_1_98' title='bbox 310 2149 366 2220; x_wconf 94' lang='lat' dir='ltr'><strong>vel</strong></span> <span class='ocrx_word' id='word_1_99' title='bbox 400 2153 556 2222; x_wconf 84' lang='lat' dir='ltr'><strong>maxime</strong></span> <span class='ocrx_word' id='word_1_100' title='bbox 587 2149 719 2222; x_wconf 92' lang='lat' dir='ltr'><strong>nullius</strong></span> <span class='ocrx_word' id='word_1_101' title='bbox 746 2150 815 2220; x_wconf 90' lang='lat' dir='ltr'><strong>loci</strong></span> <span class='ocrx_word' id='word_1_102' title='bbox 842 2151 1002 2222; x_wconf 90' lang='lat' dir='ltr'><strong>homines</strong></span> <span class='ocrx_word' id='word_1_103' title='bbox 1036 2153 1262 2246; x_wconf 91' lang='lat' dir='ltr'><strong>impudenter</strong></span> 
     </span>
    </p>

    <p class='ocr_par' dir='ltr' id='par_1_6' title="bbox 167 2269 1263 2826">
     <span class='ocr_line' id='line_1_16' title="bbox 167 2269 1261 2361; baseline 0.004 -26"><span class='ocrx_word' id='word_1_104' title='bbox 167 2275 422 2346; x_wconf 83' lang='lat' dir='ltr'><strong>rsretractare:</strong></span> <span class='ocrx_word' id='word_1_105' title='bbox 449 2270 516 2338; x_wconf 90' lang='lat' dir='ltr'><strong>nisi</strong></span> <span class='ocrx_word' id='word_1_106' title='bbox 542 2269 637 2359; x_wconf 92' lang='lat' dir='ltr'><strong>quod</strong></span> <span class='ocrx_word' id='word_1_107' title='bbox 663 2290 735 2337; x_wconf 93' lang='lat' dir='ltr'><strong>non</strong></span> <span class='ocrx_word' id='word_1_108' title='bbox 757 2269 993 2361; x_wconf 87' lang='lat' dir='ltr'><strong>impudenter,</strong></span> <span class='ocrx_word' id='word_1_109' title='bbox 1011 2270 1039 2338; x_wconf 89' lang='lat' dir='ltr'><strong>si</strong></span> <span class='ocrx_word' id='word_1_110' title='bbox 1066 2269 1261 2340; x_wconf 82' lang='lat' dir='ltr'><strong>seeundum</strong></span> 
     </span>
     <span class='ocr_line' id='line_1_17' title="bbox 214 2383 1263 2477; baseline 0.004 -26"><span class='ocrx_word' id='word_1_111' title='bbox 214 2383 413 2474; x_wconf 90' lang='lat' dir='ltr'><strong>apostolum</strong></span> <span class='ocrx_word' id='word_1_112' title='bbox 430 2393 673 2454; x_wconf 86' lang='lat' dir='ltr'><strong>retractemus.</strong></span> <span class='ocrx_word' id='word_1_113' title='bbox 717 2383 774 2453; x_wconf 87' lang='lat' dir='ltr'><strong>De</strong></span> <span class='ocrx_word' id='word_1_114' title='bbox 791 2385 966 2455; x_wconf 90' lang='lat' dir='ltr'><strong>modestia</strong></span> <span class='ocrx_word' id='word_1_115' title='bbox 983 2385 1127 2477; x_wconf 90' lang='lat' dir='ltr'><strong>quidem</strong></span> <span class='ocrx_word' id='word_1_116' title='bbox 1144 2386 1263 2456; x_wconf 89' lang='lat' dir='ltr'><strong>cultus</strong></span> 
     </span>
     <span class='ocr_line' id='line_1_18' title="bbox 213 2501 1263 2592; baseline 0.002 -24"><span class='ocrx_word' id='word_1_117' title='bbox 213 2505 250 2568; x_wconf 91' lang='lat' dir='ltr'><strong>et</strong></span> <span class='ocrx_word' id='word_1_118' title='bbox 268 2505 421 2581; x_wconf 91' lang='lat' dir='ltr'><strong>omatus,</strong></span> <span class='ocrx_word' id='word_1_119' title='bbox 439 2507 561 2591; x_wconf 88' lang='lat' dir='ltr'><strong>aperta</strong></span> <span class='ocrx_word' id='word_1_120' title='bbox 585 2501 804 2592; x_wconf 85' lang='lat' dir='ltr'><strong>praesoriptio</strong></span> <span class='ocrx_word' id='word_1_121' title='bbox 830 2509 885 2570; x_wconf 91' lang='lat' dir='ltr'><strong>est</strong></span> <span class='ocrx_word' id='word_1_122' title='bbox 911 2503 1019 2571; x_wconf 90' lang='lat' dir='ltr'><strong>etiam</strong></span> <span class='ocrx_word' id='word_1_123' title='bbox 1038 2501 1147 2584; x_wconf 89' lang='lat' dir='ltr'><strong>Petri,</strong></span> <span class='ocrx_word' id='word_1_124' title='bbox 1166 2501 1263 2572; x_wconf 88' lang='lat' dir='ltr'><strong>cohi·</strong></span> 
     </span>
     <span class='ocr_line' id='line_1_19' title="bbox 213 2613 1261 2710; baseline 0.005 -27"><span class='ocrx_word' id='word_1_125' title='bbox 213 2613 330 2684; x_wconf 88' lang='lat' dir='ltr'><strong>bantis</strong></span> <span class='ocrx_word' id='word_1_126' title='bbox 347 2616 473 2686; x_wconf 92' lang='lat' dir='ltr'><strong>eodem</strong></span> <span class='ocrx_word' id='word_1_127' title='bbox 491 2639 562 2699; x_wconf 91' lang='lat' dir='ltr'><strong>ore,</strong></span> <span class='ocrx_word' id='word_1_128' title='bbox 579 2616 663 2707; x_wconf 88' lang='lat' dir='ltr'><strong>quia</strong></span> <span class='ocrx_word' id='word_1_129' title='bbox 679 2617 804 2686; x_wconf 90' lang='lat' dir='ltr'><strong>eodem</strong></span> <span class='ocrx_word' id='word_1_130' title='bbox 822 2627 860 2687; x_wconf 91' lang='grc'><strong>11</strong></span> <span class='ocrx_word' id='word_1_131' title='bbox 878 2619 1012 2710; x_wconf 91' lang='lat' dir='ltr'><strong>spiritu,</strong></span> <span class='ocrx_word' id='word_1_132' title='bbox 1031 2641 1101 2710; x_wconf 93' lang='lat' dir='ltr'><strong>quo</strong></span> <span class='ocrx_word' id='word_1_133' title='bbox 1119 2617 1261 2698; x_wconf 90' lang='lat' dir='ltr'><strong>Paulus,</strong></span> 
     </span>
     <span class='ocr_line' id='line_1_20' title="bbox 213 2731 1262 2826; baseline 0.004 -26"><span class='ocrx_word' id='word_1_134' title='bbox 213 2739 252 2800; x_wconf 88' lang='lat' dir='ltr'><strong>et</strong></span> <span class='ocrx_word' id='word_1_135' title='bbox 274 2733 426 2801; x_wconf 90' lang='lat' dir='ltr'><strong>vestium</strong></span> <span class='ocrx_word' id='word_1_136' title='bbox 455 2731 615 2825; x_wconf 85' lang='lat' dir='ltr'><strong>gloriam,</strong></span> <span class='ocrx_word' id='word_1_137' title='bbox 641 2739 679 2802; x_wconf 92' lang='grc'><strong>11</strong></span> <span class='ocrx_word' id='word_1_138' title='bbox 702 2733 779 2802; x_wconf 85' lang='lat' dir='ltr'><strong>auri</strong></span> <span class='ocrx_word' id='word_1_139' title='bbox 809 2734 1019 2826; x_wconf 84' lang='lat' dir='ltr'><strong>superbiam,</strong></span> <span class='ocrx_word' id='word_1_140' title='bbox 1047 2742 1085 2804; x_wconf 90' lang='lat' dir='ltr'><strong>et</strong></span> <span class='ocrx_word' id='word_1_141' title='bbox 1112 2735 1262 2805; x_wconf 88' lang='lat' dir='ltr'><strong>crinium</strong></span> 
     </span>
    </p>

    <p class='ocr_par' dir='ltr' id='par_1_7' title="bbox 168 2843 1262 3056">
     <span class='ocr_line' id='line_1_21' title="bbox 168 2843 1262 2942; baseline 0.005 -26"><span class='ocrx_word' id='word_1_142' title='bbox 168 2877 206 2917; x_wconf 78' lang='lat'><strong>20</strong></span> <span class='ocrx_word' id='word_1_143' title='bbox 215 2843 379 2918; x_wconf 91' lang='lat' dir='ltr'><strong>lenonem</strong></span> <span class='ocrx_word' id='word_1_144' title='bbox 403 2853 413 2929; x_wconf 89' lang='grc'><strong>(</strong></span> <span class='ocrx_word' id='word_1_145' title='bbox 417 2844 496 2942; x_wconf 81' lang='lat' dir='ltr'><strong>for.</strong></span> <span class='ocrx_word' id='word_1_146' title='bbox 526 2846 713 2918; x_wconf 82' lang='lat' dir='ltr'><strong>lenonium.</strong></span> <span class='ocrx_word' id='word_1_147' title='bbox 744 2846 812 2918; x_wconf 84' lang='lat' dir='ltr'><strong>oid.</strong></span> <span class='ocrx_word' id='word_1_148' title='bbox 839 2854 969 2942; x_wconf 81' lang='lat' dir='ltr'><strong>notem)</strong></span> <span class='ocrx_word' id='word_1_149' title='bbox 1001 2851 1262 2941; x_wconf 89' lang='lat' dir='ltr'><strong>operositatem.</strong></span> 
     </span>
     <span class='ocr_line' id='line_1_22' title="bbox 216 2961 762 3056; baseline 0.002 -26"><span class='ocrx_word' id='word_1_150' title='bbox 216 2963 252 3048; x_wconf 90' lang='lat'><strong>(1</strong></span> <span class='ocrx_word' id='word_1_151' title='bbox 274 2961 353 3034; x_wconf 88' lang='lat' dir='ltr'><strong>Pet.</strong></span> <span class='ocrx_word' id='word_1_152' title='bbox 371 2964 419 3033; x_wconf 90' lang='lat' dir='ltr'><strong>iii.</strong></span> <span class='ocrx_word' id='word_1_153' title='bbox 438 2968 472 3033; x_wconf 85' lang='grc'><strong>3.</strong></span> <span class='ocrx_word' id='word_1_154' title='bbox 500 2967 520 3033; x_wconf 95' lang='lat' dir='ltr'><strong>l</strong></span> <span class='ocrx_word' id='word_1_155' title='bbox 539 2961 629 3032; x_wconf 86' lang='lat' dir='ltr'><strong>Tim.</strong></span> <span class='ocrx_word' id='word_1_156' title='bbox 646 2964 682 3033; x_wconf 94' lang='lat' dir='ltr'><strong>ii.</strong></span> <span class='ocrx_word' id='word_1_157' title='bbox 701 2965 762 3056; x_wconf 88' lang='grc'><strong>9.).</strong></span> 
     </span>
    </p>

    <p class='ocr_par' dir='ltr' id='par_1_8' title="bbox 214 3077 1421 3406">
     <span class='ocr_line' id='line_1_23' title="bbox 266 3077 1390 3172; baseline -0.006 -22"><span class='ocrx_word' id='word_1_158' title='bbox 266 3077 339 3150; x_wconf 85' lang='lat' dir='ltr'><strong>Sed</strong></span> <span class='ocrx_word' id='word_1_159' title='bbox 380 3079 476 3171; x_wconf 91' lang='lat' dir='ltr'><strong>quod</strong></span> <span class='ocrx_word' id='word_1_160' title='bbox 509 3081 706 3171; x_wconf 87' lang='lat' dir='ltr'><strong>promiscue</strong></span> <span class='ocrx_word' id='word_1_161' title='bbox 741 3079 949 3149; x_wconf 89' lang='lat' dir='ltr'><strong>observatur</strong></span> <span class='ocrx_word' id='word_1_162' title='bbox 981 3102 1044 3172; x_wconf 89' lang='lat' dir='ltr'><strong>per</strong></span> <span class='ocrx_word' id='word_1_163' title='bbox 1086 3079 1262 3161; x_wconf 87' lang='lat' dir='ltr'><strong>ecclesias,</strong></span> <span class='ocrx_word' id='word_1_164' title='bbox 1305 3095 1390 3144; x_wconf 77' lang='lat' dir='ltr'><strong>cnr.</strong></span> 
     </span>
     <span class='ocr_line' id='line_1_24' title="bbox 215 3161 1421 3289; baseline -0.003 -23"><span class='ocrx_word' id='word_1_165' title='bbox 215 3197 313 3286; x_wconf 82' lang='lat' dir='ltr'><strong>quasi</strong></span> <span class='ocrx_word' id='word_1_166' title='bbox 327 3196 512 3277; x_wconf 91' lang='lat' dir='ltr'><strong>incertum,</strong></span> <span class='ocrx_word' id='word_1_167' title='bbox 523 3196 558 3265; x_wconf 91' lang='lat' dir='ltr'><strong>id</strong></span> <span class='ocrx_word' id='word_1_168' title='bbox 575 3195 840 3265; x_wconf 83' lang='lat' dir='ltr'><strong>retractandum</strong></span> <span class='ocrx_word' id='word_1_169' title='bbox 858 3203 922 3276; x_wconf 91' lang='lat' dir='ltr'><strong>est,</strong></span> <span class='ocrx_word' id='word_1_170' title='bbox 937 3196 1091 3266; x_wconf 87' lang='lat' dir='ltr'><strong>velarine</strong></span> <span class='ocrx_word' id='word_1_171' title='bbox 1107 3197 1261 3266; x_wconf 85' lang='lat' dir='ltr'><strong>debeant</strong></span> <span class='ocrx_word' id='word_1_172' title='bbox 1272 3161 1421 3289; x_wconf 50' lang='lat' dir='ltr'><strong>affini.</strong></span> 
     </span>
     <span class='ocr_line' id='line_1_25' title="bbox 214 3294 1323 3406; baseline 0.003 -26"><span class='ocrx_word' id='word_1_173' title='bbox 214 3312 377 3404; x_wconf 86' lang='lat' dir='ltr'><strong>virgines,</strong></span> <span class='ocrx_word' id='word_1_174' title='bbox 407 3334 452 3381; x_wconf 88' lang='lat' dir='ltr'><strong>on</strong></span> <span class='ocrx_word' id='word_1_175' title='bbox 486 3333 570 3380; x_wconf 94' lang='lat' dir='ltr'><strong>non.</strong></span> <span class='ocrx_word' id='word_1_176' title='bbox 620 3310 690 3394; x_wconf 85' lang='lat' dir='ltr'><strong>Qui</strong></span> <span class='ocrx_word' id='word_1_177' title='bbox 725 3312 820 3380; x_wconf 88' lang='lat' dir='ltr'><strong>enim</strong></span> <span class='ocrx_word' id='word_1_178' title='bbox 848 3311 1042 3404; x_wconf 91' lang='lat' dir='ltr'><strong>virginibus</strong></span> <span class='ocrx_word' id='word_1_179' title='bbox 1075 3294 1323 3406; x_wconf 59' lang='grc' dir='ltr'><strong>1111111111Ιὶιιι</strong></span> 
     </span>
    </p>

    <p class='ocr_par' dir='ltr' id='par_1_9' title="bbox 167 3426 1264 3983">
     <span class='ocr_line' id='line_1_26' title="bbox 167 3426 1264 3523; baseline 0.004 -25"><span class='ocrx_word' id='word_1_180' title='bbox 167 3457 203 3517; x_wconf 81' lang='lat'><strong>²5</strong></span> <span class='ocrx_word' id='word_1_181' title='bbox 215 3429 341 3520; x_wconf 90' lang='lat' dir='ltr'><strong>capitis</strong></span> <span class='ocrx_word' id='word_1_182' title='bbox 365 3429 638 3509; x_wconf 89' lang='lat' dir='ltr'><strong>immunitatem,</strong></span> <span class='ocrx_word' id='word_1_183' title='bbox 669 3426 737 3496; x_wconf 89' lang='lat' dir='ltr'><strong>hoc</strong></span> <span class='ocrx_word' id='word_1_184' title='bbox 766 3427 832 3496; x_wconf 91' lang='lat' dir='ltr'><strong>niti</strong></span> <span class='ocrx_word' id='word_1_185' title='bbox 861 3428 1036 3510; x_wconf 90' lang='lat' dir='ltr'><strong>videntur,</strong></span> <span class='ocrx_word' id='word_1_186' title='bbox 1056 3429 1150 3520; x_wconf 93' lang='lat' dir='ltr'><strong>quod</strong></span> <span class='ocrx_word' id='word_1_187' title='bbox 1180 3453 1264 3523; x_wconf 89' lang='lat' dir='ltr'><strong>apo-</strong></span> 
     </span>
     <span class='ocr_line' id='line_1_27' title="bbox 215 3543 1262 3636; baseline 0 -22"><span class='ocrx_word' id='word_1_188' title='bbox 215 3543 639 3634; x_wconf 77' lang='grc'><strong>1111111(1011.11.5.)</strong></span> <span class='ocrx_word' id='word_1_189' title='bbox 671 3563 743 3612; x_wconf 95' lang='lat' dir='ltr'><strong>non</strong></span> <span class='ocrx_word' id='word_1_190' title='bbox 773 3543 925 3636; x_wconf 87' lang='lat' dir='ltr'><strong>virgines</strong></span> <span class='ocrx_word' id='word_1_191' title='bbox 953 3545 1172 3626; x_wconf 91' lang='lat' dir='ltr'><strong>nominatim,</strong></span> <span class='ocrx_word' id='word_1_192' title='bbox 1200 3545 1262 3616; x_wconf 89' lang='lat' dir='ltr'><strong>sed</strong></span> 
     </span>
     <span class='ocr_line' id='line_1_28' title="bbox 215 3657 1262 3753; baseline 0.001 -23"><span class='ocrx_word' id='word_1_193' title='bbox 215 3659 381 3730; x_wconf 89' lang='lat' dir='ltr'><strong>mulieres</strong></span> <span class='ocrx_word' id='word_1_194' title='bbox 406 3660 643 3753; x_wconf 85' lang='lat' dir='ltr'><strong>designaverit</strong></span> <span class='ocrx_word' id='word_1_195' title='bbox 659 3657 826 3729; x_wconf 84' lang='lat' dir='ltr'><strong>velandas</strong></span> <span class='ocrx_word' id='word_1_196' title='bbox 852 3682 948 3743; x_wconf 82' lang='lat' dir='ltr'><strong>esse3</strong></span> <span class='ocrx_word' id='word_1_197' title='bbox 974 3683 1040 3731; x_wconf 90' lang='lat' dir='ltr'><strong>nec</strong></span> <span class='ocrx_word' id='word_1_198' title='bbox 1067 3684 1203 3742; x_wconf 86' lang='lat' dir='ltr'><strong>sexum,</strong></span> <span class='ocrx_word' id='word_1_199' title='bbox 1221 3671 1262 3731; x_wconf 93' lang='lat' dir='ltr'><strong>ut</strong></span> 
     </span>
     <span class='ocr_line' id='line_1_29' title="bbox 216 3772 1262 3869; baseline 0 -23"><span class='ocrx_word' id='word_1_200' title='bbox 216 3777 349 3846; x_wconf 89' lang='lat' dir='ltr'><strong>diceret</strong></span> <span class='ocrx_word' id='word_1_201' title='bbox 361 3772 529 3869; x_wconf 80' lang='lat' dir='ltr'><strong>seminus,</strong></span> <span class='ocrx_word' id='word_1_202' title='bbox 547 3773 610 3844; x_wconf 87' lang='lat' dir='ltr'><strong>sed</strong></span> <span class='ocrx_word' id='word_1_203' title='bbox 625 3773 774 3868; x_wconf 88' lang='lat' dir='ltr'><strong>gradum</strong></span> <span class='ocrx_word' id='word_1_204' title='bbox 793 3796 908 3857; x_wconf 86' lang='lat' dir='ltr'><strong>sexus,</strong></span> <span class='ocrx_word' id='word_1_205' title='bbox 926 3775 1076 3846; x_wconf 90' lang='lat' dir='ltr'><strong>dicendo</strong></span> <span class='ocrx_word' id='word_1_206' title='bbox 1093 3773 1262 3846; x_wconf 70' lang='lat' dir='ltr'><strong>mulieres</strong></span> 
     </span>
     <span class='ocr_line' id='line_1_30' title="bbox 218 3886 1264 3983; baseline 0 -23"><span class='ocrx_word' id='word_1_207' title='bbox 218 3891 314 3962; x_wconf 83' lang='lat' dir='ltr'><strong>Nam</strong></span> <span class='ocrx_word' id='word_1_208' title='bbox 332 3892 360 3962; x_wconf 92' lang='lat' dir='ltr'><strong>si</strong></span> <span class='ocrx_word' id='word_1_209' title='bbox 378 3913 504 3961; x_wconf 87' lang='lat' dir='ltr'><strong>sexum</strong></span> <span class='ocrx_word' id='word_1_210' title='bbox 521 3891 745 3971; x_wconf 89' lang='lat' dir='ltr'><strong>nominasset,</strong></span> <span class='ocrx_word' id='word_1_211' title='bbox 753 3886 912 3983; x_wconf 77' lang='lat' dir='ltr'><strong>seminus</strong></span> <span class='ocrx_word' id='word_1_212' title='bbox 924 3891 1085 3973; x_wconf 88' lang='lat' dir='ltr'><strong>dicendo,</strong></span> <span class='ocrx_word' id='word_1_213' title='bbox 1102 3890 1264 3962; x_wconf 86' lang='lat' dir='ltr'><strong>absolute</strong></span> 
     </span>
    </p>

    <p class='ocr_par' dir='ltr' id='par_1_10' title="bbox 166 4002 1265 4445">
     <span class='ocr_line' id='line_1_31' title="bbox 166 4002 1264 4099; baseline -0.003 -20"><span class='ocrx_word' id='word_1_214' title='bbox 166 4006 395 4098; x_wconf 69' lang='lat' dir='ltr'><strong>godelinisset</strong></span> <span class='ocrx_word' id='word_1_215' title='bbox 411 4006 457 4076; x_wconf 93' lang='lat' dir='ltr'><strong>de</strong></span> <span class='ocrx_word' id='word_1_216' title='bbox 474 4008 571 4076; x_wconf 92' lang='lat' dir='ltr'><strong>omni</strong></span> <span class='ocrx_word' id='word_1_217' title='bbox 588 4005 755 4074; x_wconf 89' lang='lat' dir='ltr'><strong>muliere:</strong></span> <span class='ocrx_word' id='word_1_218' title='bbox 772 4013 836 4075; x_wconf 86' lang='lat' dir='ltr'><strong>aut</strong></span> <span class='ocrx_word' id='word_1_219' title='bbox 850 4002 942 4099; x_wconf 80' lang='lat' dir='ltr'><strong>(sor.</strong></span> <span class='ocrx_word' id='word_1_220' title='bbox 955 4009 1008 4098; x_wconf 84' lang='grc'><strong>11)</strong></span> <span class='ocrx_word' id='word_1_221' title='bbox 1026 4030 1135 4098; x_wconf 92' lang='lat' dir='ltr'><strong>quum</strong></span> <span class='ocrx_word' id='word_1_222' title='bbox 1153 4030 1264 4076; x_wconf 91' lang='lat' dir='ltr'><strong>unum</strong></span> 
     </span>
     <span class='ocr_line' id='line_1_32' title="bbox 215 4119 1263 4216; baseline 0 -24"><span class='ocrx_word' id='word_1_223' title='bbox 215 4124 363 4216; x_wconf 85' lang='lat' dir='ltr'><strong>gradum</strong></span> <span class='ocrx_word' id='word_1_224' title='bbox 398 4144 503 4192; x_wconf 88' lang='lat' dir='ltr'><strong>sexus</strong></span> <span class='ocrx_word' id='word_1_225' title='bbox 544 4122 714 4202; x_wconf 90' lang='lat' dir='ltr'><strong>nominat,</strong></span> <span class='ocrx_word' id='word_1_226' title='bbox 757 4119 866 4190; x_wconf 91' lang='lat' dir='ltr'><strong>alium</strong></span> <span class='ocrx_word' id='word_1_227' title='bbox 910 4123 1060 4192; x_wconf 70' lang='lat' dir='ltr'><strong>arendo</strong></span> <span class='ocrx_word' id='word_1_228' title='bbox 1102 4125 1263 4192; x_wconf 85' lang='lat' dir='ltr'><strong>secernit.</strong></span> 
     </span>
     <span class='ocr_line' id='line_1_33' title="bbox 217 4236 1265 4331; baseline 0.002 -25"><span class='ocrx_word' id='word_1_229' title='bbox 217 4236 342 4307; x_wconf 90' lang='lat' dir='ltr'><strong>Potuit</strong></span> <span class='ocrx_word' id='word_1_230' title='bbox 376 4239 481 4320; x_wconf 90' lang='lat' dir='ltr'><strong>enirn,</strong></span> <span class='ocrx_word' id='word_1_231' title='bbox 515 4238 690 4328; x_wconf 91' lang='lat' dir='ltr'><strong>inquiunt,</strong></span> <span class='ocrx_word' id='word_1_232' title='bbox 725 4243 787 4306; x_wconf 90' lang='lat' dir='ltr'><strong>aut</strong></span> <span class='ocrx_word' id='word_1_233' title='bbox 821 4246 859 4305; x_wconf 87' lang='lat' dir='ltr'><strong>et</strong></span> <span class='ocrx_word' id='word_1_234' title='bbox 894 4238 1046 4331; x_wconf 90' lang='lat' dir='ltr'><strong>virgines</strong></span> <span class='ocrx_word' id='word_1_235' title='bbox 1084 4239 1265 4310; x_wconf 88' lang='lat' dir='ltr'><strong>nominare</strong></span> 
     </span>
     <span class='ocr_line' id='line_1_34' title="bbox 216 4353 1137 4445; baseline 0.001 -22"><span class='ocrx_word' id='word_1_236' title='bbox 216 4354 424 4445; x_wconf 87' lang='lat' dir='ltr'><strong>specialiter,</strong></span> <span class='ocrx_word' id='word_1_237' title='bbox 442 4363 505 4424; x_wconf 85' lang='lat' dir='ltr'><strong>aut</strong></span> <span class='ocrx_word' id='word_1_238' title='bbox 522 4353 732 4445; x_wconf 89' lang='lat' dir='ltr'><strong>compendio</strong></span> <span class='ocrx_word' id='word_1_239' title='bbox 749 4354 962 4444; x_wconf 82' lang='lat' dir='ltr'><strong>generaliter</strong></span> <span class='ocrx_word' id='word_1_240' title='bbox 979 4355 1137 4433; x_wconf 88' lang='lat' dir='ltr'><strong>feminas.</strong></span> 
     </span>
    </p>
   </div>
   <div class='ocr_carea' id='block_1_3' title="bbox 731 4489 758 4544">
    <p class='ocr_par' dir='ltr' id='par_1_11' title="bbox 731 4489 758 4544">
     <span class='ocr_line' id='line_1_35' title="bbox 731 4489 758 4544; baseline 0 0"><span class='ocrx_word' id='word_1_241' title='bbox 731 4489 758 4544; x_wconf 81' lang='lat' dir='ltr'>Q</span> 
     </span>
    </p>
   </div>
   <div class='ocr_carea' id='block_1_4' title="bbox 0 0 1671 5198">
    <p class='ocr_par' dir='ltr' id='par_1_12' title="bbox 0 0 1671 5198">
     <span class='ocr_line' id='line_1_36' title="bbox 0 0 1671 5198; baseline 0 0"><span class='ocrx_word' id='word_1_242' title='bbox 0 0 1671 5198; x_wconf 95' lang='lat' dir='ltr'><strong> </strong></span> 
     </span>
    </p>
   </div>
  </div>
 </body>
</html>
