3314 5190
375 481 438 547 DE
462 481 620 549 OPERE
643 481 708 548 ET
732 480 1084 552 ELEEMOSYNIS.
1195 487 1259 558 297

207 653 436 741 salubre3-et
460 657 692 730 emundandis
717 662 977 753 purgandisque
1000 661 1154 754 peccatis
1178 685 1257 732 nos-

205 775 279 856 tris,
309 775 370 865 qui
404 773 480 844 sine
505 772 623 865 aliquo
651 777 874 846 conscientiae
901 776 1047 847 vulnere
1075 799 1151 848 esse
1185 801 1256 849 non

204 909 402 980 possumus,
432 886 581 958 medelis
615 888 830 980 spiritalibus
864 889 1011 962 vulnera
1044 899 1164 961 nostra
1196 915 1257 961 cu-

204 1025 334 1075 remus.

176 1142 193 1201 5
255 1119 305 1189 ΙΙ.
336 1118 417 1191 Nec
440 1121 624 1212 quisquam
649 1121 698 1192 sic
724 1123 790 1213 sibi
814 1123 861 1210 de
886 1146 975 1215 puro
1001 1133 1108 1218 atque
1131 1126 1256 1198 imma·

203 1235 323 1308 culato
348 1244 494 1330 pectore
519 1236 731 1321 blandiatur,
759 1248 801 1309 ut
825 1241 1030 1312 innocentia
1055 1265 1118 1312 sua
1143 1243 1254 1314 fretus

202 1353 416 1423 medicinam
443 1376 515 1424 non
540 1362 644 1446 putet
673 1354 910 1426 adhibendam
936 1379 1012 1428 esse
1039 1358 1251 1442 vulneribus,

202 1490 286 1538 cum
315 1472 486 1563 seriptum
516 1472 582 1541 sit:
623 1469 710 1561 Quis
733 1470 942 1568 placabitur
971 1483 1100 1545 castum
1130 1499 1165 1546 se
1191 1474 1333 1548 ltu-rm.
1346 1511 1370 1544 x.

201 1583 277 1656 bare
310 1609 379 1668 aar,
413 1595 474 1657 aut
507 1587 585 1681 quia
614 1585 823 1684 pbriabitar
861 1589 1024 1660 mundam
1058 1615 1094 1661 ac
1126 1615 1197 1662 asae
1228 1617 1252 1665 a

155 1703 378 1796 inpeccatis?
413 1705 606 1774 etiterum
634 1705 669 1773 in
696 1705 845 1798 epistola
870 1727 933 1776 sua
957 1706 1113 1777 Joannes
1142 1718 1250 1801 ponat

200 1827 238 1890 et
259 1821 373 1891 dicat:
398 1818 445 1893 Si
467 1818 660 1891 diruamus
684 1821 766 1915 qaia
785 1829 962 1915 peccatum
988 1843 1058 1891 aaa
1080 1819 1248 1908 hahemus,
1262 1852 1270 1885 ι
1285 1838 1356 1887 toan·
1370 1841 1386 1888 i.

200 1957 262 2006 noa
295 1936 388 2030 ipsas
421 1935 620 2030 decepimus,
654 1945 686 2005 at
720 1937 846 2007 amitas
885 1937 923 2006 ia
956 1934 1054 2006 uobis
1087 1961 1156 2008 non
1190 1949 1247 2012 est.

200 2051 239 2122 si
269 2061 389 2124 autem
415 2075 521 2123 namo
551 2035 627 2124 csse
652 2054 728 2124 sine
756 2061 904 2146 peccato
934 2061 1062 2147 potest,
1093 2063 1130 2124 et
1156 2058 1249 2148 quis-

199 2169 277 2259 quia
309 2167 530 2260 inculpatum
560 2190 598 2238 sa
628 2190 704 2239 esse
734 2169 865 2240 dixerit
894 2179 957 2239 aut
984 2170 1156 2261 superbus
1185 2179 1248 2240 aut

154 2283 328 2365 ¹5stultus
356 2294 420 2368 est,
444 2307 551 2377 quam
576 2285 781 2366 necessaria,
808 2285 1093 2380 quambenigna
1116 2295 1171 2358 est
1196 2286 1248 2356 di-

197 2402 279 2470 vina
305 2400 504 2482 clementia,
532 2423 614 2492 quae
643 2423 726 2471 eum
753 2402 841 2471 sciat
869 2423 941 2470 non
966 2402 1088 2472 deesse
1117 2403 1247 2473 sanatis

197 2519 358 2611 quaedam
384 2519 611 2610 postmodum
636 2517 792 2600 urlnera,
819 2517 918 2588 dedit
943 2517 1107 2587 curandis
1128 2519 1245 2589 denuo

195 2633 428 2725 sanandisque
444 2633 649 2705 vulneribus
666 2635 823 2706 remedia
839 2633 1023 2704 salutaria!

245 2747 316 2818 ΙΙΙ.
347 2748 542 2841 Nunquam
571 2751 733 2841 denique,
768 2749 894 2820 fratres
924 2749 1152 2832 dilectissimi,
1182 2753 1244 2822 ad·

148 2888 186 2930 πο
194 2865 343 2935 monitio
360 2866 478 2937 divina
494 2865 645 2938 cessavit
666 2873 705 2934 et
725 2866 925 2958 tacuitque
946 2866 1063 2937 nunus
1083 2867 1120 2935 in
1138 2868 1245 2960 scrip·

194 2983 282 3052 turis
307 2983 438 3053 sanetis
462 2989 537 3052 tam
567 2981 747 3052 veteribus
776 3003 882 3072 quam
910 2982 1011 3051 novis
1037 3003 1177 3074 semper
1206 2993 1243 3052 et

193 3098 325 3191 ubique
341 3099 387 3169 ad
409 3098 659 3170 misericordiae
683 3119 790 3190 opera
811 3096 880 3167 Dei
903 3095 1054 3190 populus
1077 3119 1244 3190 provoca-

192 3223 310 3300 retur;
337 3223 374 3285 et
399 3224 549 3286 canente
574 3223 682 3306 atque
707 3214 919 3284 exhortante
945 3211 1081 3305 Spiritu
1109 3211 1242 3284 Sancta

193 3332 350 3423 quisquis
383 3332 428 3402 ad
458 3353 557 3424 spem
587 3330 686 3424 regni
717 3327 870 3400 coelestis
900 3329 1095 3411 instnritm,
1126 3329 1242 3399 facere

146 3445 432 3541 25eleem0synas
460 3448 619 3539 jubetur.
672 3445 825 3516 Mandat
859 3455 897 3516 et
930 3446 1092 3538 praecipit
1125 3443 1241 3514 Esaiae

193 3561 312 3634 Deus:
338 3561 519 3646 Eaclama,
550 3564 674 3654 inquit,
705 3562 743 3631 in
762 3559 979 3656 fortitudine
1003 3570 1035 3632 et
1062 3557 1134 3632 noli
1154 3583 1375 3655 par-inruat.

191 3701 274 3750 ocra.
335 3677 436 3752 Sicut
464 3677 544 3751 taba
576 3675 690 3749 emata
723 3699 835 3748 vacam
866 3685 968 3758 tuam,
1004 3685 1036 3748 at
1069 3676 1240 3748 annuntia

187 3791 279 3889 pati
312 3817 395 3864 maoe
422 3803 562 3889 peccatu
596 3795 750 3888 aprorum
783 3801 815 3862 at
848 3790 967 3863 mmai
998 3790 1109 3863 Jacob
1139 3790 1239 3888 saci.

189 3932 279 3980 acra
294 3931 421 3980 aarum.
470 3910 617 3980 Etcum
634 3917 782 4002 paccata
798 3911 848 3982 eis
866 3931 929 3980 sua
945 3908 1131 4002 exprobari
1148 3932 1239 4002 prae-

140 4027 351 4118 3oeepisset,
368 4047 520 4118 cumque
537 4047 660 4096 comm
682 4025 838 4094 facinora
858 4023 964 4117 pleno
985 4025 1236 4118 indignationis

189 4143 327 4238 impetu
342 4141 556 4236 protulisset,
574 4143 791 4233 dixissetque
808 4162 869 4210 aas
886 4163 952 4212 nec
973 4143 1001 4211 si
1019 4142 1236 4212 orationibus

187 4267 226 4330 et
250 4257 413 4352 praeibas
433 4266 472 4329 et
490 4258 636 4350 jejuniis
654 4265 840 4327 uterentur
862 4256 1063 4328 satisfacere
1085 4279 1149 4350 pro
1175 4259 1236 4328 da-

187 4375 280 4446 iictis
305 4395 416 4468 passe,
445 4397 511 4445 nee
537 4375 564 4444 si
591 4375 627 4444 in
654 4372 770 4443 cilicio
796 4381 834 4442 et
859 4374 977 4444 cinere
998 4373 1233 4458 volverentur,

678 4509 743 4581 ‘lq
