3316 5198
2 735 6 816 l

294 496 346 562 IN
371 499 403 562 S.
421 498 694 564 HIPPOLYTI
718 499 915 564 CONTRA
939 501 1159 566 NOETUM.
1210 503 1254 566 83

203 677 223 708 “
238 671 405 757 cujusdam
427 669 554 734 nomine
580 668 773 735 Nosti—hic
799 671 897 736 etiam
926 671 1053 737 dicebat
1079 693 1113 735 se
1138 671 1252 736 Mosen

203 764 223 794 “
238 779 316 835 esse,
347 763 381 822 et
409 757 542 821 fratrem
578 777 670 820 suum
701 756 829 821 Heliam
865 758 1084 842 prophetam.”
1122 757 1249 822 Fannio.

202 842 426 928 (lonjecturam
437 842 506 926 jam
520 841 595 905 olim
610 842 652 905 ad
666 842 739 908 Reli
780 844 828 907 los
850 845 964 908 Sacrae
977 843 1046 922 leci,
1062 843 1202 907 Nodtum
1216 851 1251 910 et

200 928 334 994 fratrem
356 928 466 993 solitos
491 949 560 992 esse
587 927 708 1012 aliquid
759 929 916 1013 ujusmcdi
945 929 1127 1014 praedicare,
1154 951 1249 1015 super

202 1037 271 1080 sese
289 1037 330 1080 ex
349 1014 429 1080 coelo
452 1013 650 1078 descendisse
669 1020 786 1093 πνεῦμα
808 1017 856 1080 καὶ
881 1017 1005 1096 δύναμιν
1026 1015 1127 1080 Mesia
1151 1023 1249 1100 atquc

202 1101 314 1165 Aaron
335 1100 463 1175 fratris3
487 1107 526 1164 ut
544 1107 714 1200 propterea
735 1101 829 1186 plane
853 1101 949 1166 iidem
974 1109 1072 1187 atque
1089 1101 1186 1166 divini
1204 1101 1249 1166 illi

197 1187 345 1252 bomines
358 1193 446 1252 recte
456 1207 576 1252 censen
590 1194 731 1271 possent.

246 1273 284 1338 P.
301 1291 354 1358 50.
370 1273 390 1336 l.
406 1292 437 1352 4.
453 1274 482 1336 ol
503 1272 640 1354 μακάριοι
658 1273 871 1356 πρεσβύτεροι]
890 1273 1043 1338 Fortasse
1064 1272 1098 1337 hi
1119 1272 1248 1338 luerunt

201 1358 339 1444 episcopi
349 1379 421 1422 cum
429 1357 623 1442 presbyteris
629 1358 748 1441 juncti;
761 1358 879 1423 etenim
888 1381 948 1445 ego
956 1359 1080 1425 ostendi
1090 1366 1248 1424 annotans

200 1446 244 1509 ad
257 1446 370 1523 locum,
380 1444 638 1529 presbyterorum
651 1443 778 1508 nomine
792 1443 952 1509 interdum
965 1445 1142 1532 appellatos
1152 1444 1249 1509 fuisse

202 1531 365 1616 episcopos
402 1530 444 1594 ab
473 1530 657 1594 auctoribus
687 1529 801 1594 saeculo
831 1531 988 1596 existente
1017 1531 1164 1610 secundo,
1194 1531 1248 1615 qui

201 1621 310 1681 tamen
339 1615 399 1701 ipsi
428 1617 512 1680 inter
540 1615 705 1701 episcopos
732 1638 771 1681 cc
800 1618 1003 1703 presbyteros
1033 1617 1109 1682 alibi
1138 1623 1249 1701 aperte

202 1702 300 1766 distin
344 1723 398 1766 ere
412 1701 525 1766 solent.

246 1787 296 1851 Ibi
321 1788 365 1853 .l.
386 1805 416 1870 7.
441 1787 725 1876 συνπλανωμένονς]
754 1787 894 1852 Tantum
919 1790 1028 1854 decem
1051 1789 1147 1852 luisse
1174 1787 1250 1872 Epi-

200 1873 338 1960 phanius
352 1873 528 1939 annotavit.
554 1872 682 1937 Fannio.

246 1959 328 2024 Ibid.
343 1960 363 2024 l.
381 1962 412 2024 8.
429 1958 560 2040 καθαρὸν
573 1961 701 2040 ὕστερον
716 1960 804 2041 lorcin
818 1959 852 2023 τὸ
875 1961 972 2042 δόγμα
992 1960 1151 2043 ἐβούλετο]
1169 1959 1250 2025 (lum

200 2045 268 2110 vice
283 2046 396 2110 horum
411 2045 613 2110 substituerit
628 2044 826 2129 Epiphanius
842 2048 991 2132 παῤῥησία
1012 2044 1120 2109 λοιπὸν
1134 2045 1188 2124 τὴν
1204 2047 1248 2109 αἳ-

199 2157 287 2214 ρεσιν
317 2130 498 2214 ἐδογμάτιζε,
524 2130 718 2215 verteritque
747 2130 851 2195 locum
874 2130 1042 2231 Hippolyti
1064 2131 1249 2204 Turrianus,

200 2215 315 2282 mulae
335 2225 447 2303 aperte
471 2217 580 2302 ἄορνα
601 2237 691 2280 wem
711 2217 881 2301 defendere,
900 2218 1055 2302 opmabcr
1075 2217 1137 2303 legi
1159 2239 1251 2302 opor-

200 2311 270 2368 tere
295 2305 343 2368 καὶ
366 2305 482 2385 cupae
506 2324 565 2386 pro
590 2323 666 2366 voce
690 2301 820 2385 καθαρὸν
842 2304 873 2366 in
898 2303 1037 2368 Fabricii
1063 2325 1118 2368 seu
1142 2303 1251 2368 Mont-

200 2389 338 2453 lauconii
352 2388 537 2475 apographo
552 2395 691 2472 reperta.
730 2387 821 2454 Vett.
837 2390 959 2454 Glossae
974 2389 1095 2454 habent
1111 2393 1249 2472 Θαῤῥῶν,

199 2496 254 2540 eon
349 2524 357 2539 .

245 2560 328 2624 Ibid.
343 2560 364 2624 l.
382 2579 428 2624 11.
443 2562 485 2624 Τί
497 2561 551 2625 οὖν
574 2560 664 2624 κακὸν
685 2559 758 2646 &el
775 2561 874 2646 Apud
895 2561 1109 2647 Epiphanium
1132 2560 1186 2645 qui
1208 2561 1251 2624 ad

200 2646 333 2711 verbum
354 2646 583 2732 propemodum
603 2646 715 2710 eadem
735 2647 775 2710 de
797 2647 991 2733 presbyteris
1006 2669 1046 2710 ex
1062 2646 1249 2731 Hippolyto,

201 2731 276 2796 licet
301 2732 387 2796 haud
413 2732 586 2808 nominato,
610 2731 726 2796 refert:
750 2735 792 2796 Τι’
812 2736 869 2814 γὰρ
892 2733 983 2796 κακὸν
1005 2734 1151 2812 πεποίηκα
1163 2761 1171 2806 ;
1197 2733 1251 2796 ἕνα

203 2819 287 2883 Θεὸν
301 2817 421 2897 δοξάζω,
439 2819 494 2882 ἕνα
509 2819 680 2896 ἐπίσταμαι,
697 2819 745 2881 καὶ
761 2819 813 2882 οὐκ
827 2820 926 2882 ἄλλον
939 2818 1021 2897 πλὴν
1035 2819 1133 2896 αὐτοῦ,
1145 2843 1251 2899 γεννη-

202 2903 302 2977 θέντα,
319 2905 518 2968 ἀποθανόντα
535 2925 566 2988 p.
584 2905 658 2983 480.
682 2903 810 2966 Fannio.

247 2989 327 3053 Ibid.
343 2989 363 3052 l.
380 3009 427 3069 14.
443 2989 497 3052 τὸν
517 2989 585 3052 υἱὸν
606 2991 753 3072 παθόντα]
781 2989 859 3070 Qua
881 2995 1065 3074 sequuntur,
1088 2995 1164 3053 sunt
1181 2989 1251 3073 ipsa

201 3076 299 3140 verba
320 3074 462 3159 symboli,
479 3074 571 3159 quale
593 3081 684 3138 extat
703 3075 790 3158 apud
806 3075 962 3140 Irenaeum
981 3075 1034 3138 lib.
1052 3073 1079 3137 I.
1095 3096 1121 3137 c.
1139 3093 1168 3138 2.
1184 3097 1248 3158 seq.

201 3161 257 3224 lib.
274 3160 339 3223 ΙΙΙ.
355 3183 424 3246 esp.
440 3183 470 3240 4.
509 3160 738 3224 Tertullianum
760 3168 873 3225 contra
896 3162 1054 3225 Praxeam
1069 3181 1098 3223 c.
1117 3178 1145 3223 ν.
1162 3159 1250 3223 etde

202 3246 338 3311 Pmescri
362 3253 386 3310 t.
402 3269 429 3310 c.
447 3268 454 3307 1
462 3265 493 3329 3.
509 3253 543 3310 et
558 3245 598 3310 de
613 3245 800 3331 Virginibus
815 3246 955 3310 velandis
969 3267 994 3308 c.
1010 3265 1038 3308 1.
1056 3246 1111 3308 &a
1135 3243 1235 3310 Fran.

247 3269 365 3396 Ibidl.
385 3333 430 3396 18.
448 3331 580 3410 ἐξέωσαν
594 3335 646 3410 τῆς
668 3330 842 3418 ἐκκλησίας]
859 3331 999 3396 Nodtmn
1021 3331 1208 3395 damnatum
1230 3353 1251 3394 a

202 3417 387 3503 Tranquillo
408 3417 555 3502 episcopo
578 3417 861 3483 chalcedoniorum
883 3417 992 3502 Syria,
1009 3415 1119 3480 scribit
1138 3424 1252 3482 auctor

203 3503 439 3581 Praedestinati‚
455 3525 481 3567 c.
498 3507 549 3588 36.
585 3503 677 3584 Quod
691 3510 800 3568 autem
815 3504 847 3567 in
864 3503 1021 3588 Syncdico
1035 3503 1140 3568 libello
1156 3524 1249 3588 quem

202 3590 302 3654 edidit
316 3589 484 3688 theologus
505 3588 771 3653 celebratissimus
793 3589 1085 3676 Argentoratensis
1107 3589 1130 3652 J
1132 3609 1251 3652 oannes

204 3675 343 3761 Pappus‚
368 3682 473 3760 capite
499 3695 562 3738 xx.
585 3675 670 3761 leges
695 3675 727 3739 in
751 3678 872 3758 synodo
897 3676 1043 3739 Romana
1064 3675 1251 3738 demnatum

203 3761 342 3826 Noetum
357 3785 379 3826 a
392 3783 478 3847 papa
493 3761 636 3838 Victore,
651 3767 830 3845 temporum
846 3762 929 3825 ratio
943 3783 1008 3824 non
1023 3761 1156 3845 patitur.
1187 3759 1251 3822 Sed

202 3853 278 3910 sunt
289 3849 434 3932 quoedam
443 3855 478 3912 et
486 3847 549 3911 alia
560 3845 592 3908 in
604 3845 657 3910 illo
668 3846 826 3930 Synodico
837 3867 949 3931 parum
960 3853 1109 3910 accurate
1118 3845 1249 3920 traditu,

201 3932 277 4080 llipet
291 3933 444 4018 scriptum
459 3933 563 4020 ipsum
577 3932 695 4017 alioqui
710 3941 760 3997 est
774 3933 959 4017 neutiquam
975 3931 1249 3996 contemnendum.

234 4039 331 4080 nasio.

247 4102 285 4166 P.
300 4119 354 4187 51.
369 4101 389 4164 l.
407 4121 431 4165 1.
447 4107 488 4166 Ol
503 4105 550 4167 nal
566 4109 658 4183 δεῖξαι
670 4100 852 4186 βούλονται]
869 4101 999 4166 Correxi
1022 4101 1052 4165 ol
1072 4123 1131 4185 pro
1146 4102 1192 4164 ol:
1216 4100 1250 4164 hi

201 4196 310 4254 cutem
325 4195 401 4252 sunt
415 4187 513 4252 Nosti
527 4189 681 4274 discipuli,
698 4189 750 4273 qui
766 4188 858 4252 initio
874 4195 1170 4251 commemorantur.

246 4275 328 4338 Ibid.
345 4273 364 4338 l.
380 4293 413 4358 5.
430 4271 492 4353 μετ’
509 4275 575 4357 ἐμὲ]
596 4273 729 4339 Habent
742 4273 851 4338 Biblia
866 4273 953 4339 edita
974 4273 1055 4352 πλὴν
1068 4275 1148 4354 ἐμοῦ,
1165 4273 1251 4336 nullu

201 4359 245 4423 ibi
259 4367 374 4426 notata
387 4358 544 4424 varietate
558 4358 710 4423 lectionis.

764 4466 789 4507 Μ
805 4465 825 4512 2
