3314 5190
374 469 442 538 ma
715 467 1098 536 ANNO'I'ATIONES

378 641 520 730 Collegu'i.
566 641 622 705 Ab
643 641 704 708 lroo
728 641 856 728 quidem
882 639 990 720 lusto,
1010 639 1093 706 siout
1111 662 1135 705 a
1151 640 1222 706 eod.
1244 639 1429 715 Bodleiano,

376 729 464 796 haud
483 727 566 793 male
584 728 678 793 ebert
691 727 850 814 partieula
863 737 891 792 et
904 735 981 793 ante
995 747 1088 792 vooee
1105 726 1196 791 raim
1211 726 1330 790 mardi.
1374 725 1430 789 Ad

376 815 474 881 verbe
487 821 596 879 autem
633 815 697 878 uod
711 813 840 891 attinet,
852 815 982 878 Putrem
992 822 1021 877 et
1030 813 1132 877 Deum
1144 812 1272 890 etati,
1285 810 1430 876 similiter

377 902 504 966 loeutus
532 907 583 964 ert
645 900 769 965 ominue
797 899 865 985 ipee
894 899 938 963 ed
970 898 1110 964 Mariam
1139 897 1365 986 Magdalenam
1396 896 1430 961 in

378 990 412 1052 S.
427 983 561 1052 Jooaoie
578 985 730 1072 eumelio
746 1007 800 1050 xx.
819 1003 868 1068 17.
905 983 1059 1050 Similiter
1078 984 1272 1070 seripserunt
1292 982 1430 1069 apostoli

378 1095 479 1224 gillier
495 1069 722 1222 9⁰⁰f⁰iqiim
746 1073 865 1221 xalta
886 1089 906 1171 a
931 1071 999 1136 θον.
1018 1069 1061 1136 xi.
1082 1089 1116 1156 3.
1144 1070 1254 1158 Epioe.
1277 1070 1298 1135 i.
1319 1089 1354 1155 3.
1379 1085 1429 1150 17.

481 1176 573 1242 .r.3.
623 1177 785 1240 e.r.9.1
867 1175 955 1306 ..ιί

424 1244 462 1308 Ρ.
476 1259 549 1326 247.
564 1242 587 1306 l.
601 1246 631 1308 6.
648 1243 702 1328 qui
716 1243 776 1329 ipni
791 1243 824 1306 in
844 1263 930 1306 omm
953 1263 990 1306 ue
1008 1240 1149 1326 peooatie
1162 1242 1229 1306 rint
1244 1238 1428 1324 eonstituti]

381 1329 535 1394 Veterem
561 1328 730 1394 leotionem
755 1328 892 1393 restitui.
937 1327 1066 1392 Primus
1093 1327 1194 1393 edidit
1220 1326 1328 1391 Fellue
1357 1333 1432 1410 poet

381 1415 505 1481 eodioen
520 1414 656 1514 eoriptoe
670 1416 725 1501 qui
745 1435 814 1479 oum
832 1414 895 1498 ipsi
908 1436 969 1498 pro
982 1415 1037 1499 qui
1056 1414 1128 1498 φατ’,
1144 1414 1230 1498 quod
1250 1413 1376 1498 quidem
1391 1433 1432 1474 ex

381 1501 499 1586 duplioi
523 1502 659 1565 leotrone
685 1508 793 1565 ortum
813 1499 950 1564 videtur.
1005 1499 1120 1564 Posuit
1141 1507 1250 1564 autem
1271 1497 1433 1562 Pameliue

381 1585 868 1759 millalsstffitllll
877 1584 1423 1758 aemulatorum

383 1761 459 1822 dum
474 1758 633 1822 manda.

429 1843 510 1908 Ibid.
526 1842 547 1908 l.
560 1845 588 1907 8.
605 1842 726 1908 oonsilii
737 1849 771 1907 et
782 1842 948 1928 sermonis]
967 1842 1119 1907 Forsitan
1135 1841 1307 1927 eeripeeret
1322 1839 1437 1904 Firmi-

384 1930 498 2008 lianue,
514 1928 668 1996 σννέσεως
683 1929 731 1993 καὶ
744 1929 850 2010 λόγου.

429 2015 466 2080 P.
485 2033 556 2097 249.
582 2015 602 2079 l.
625 2035 659 2095 4.
690 2016 721 2078 Α
749 2013 863 2098 quibua
889 2013 1014 2100 legetoe
1039 2013 1205 2100 episeopus
1233 2015 1305 2096 lte]
1340 2011 1440 2076 Haud

385 2101 518 2165 dubium
531 2100 666 2177 videtur,
683 2099 759 2184 quin
774 2101 815 2163 ab
828 2099 927 2176 Afris,
940 2099 1046 2184 potius
1061 2121 1157 2184 quam
1169 2100 1211 2164 ab
1222 2097 1439 2174 orientalibus,

386 2187 523 2251 Romam
538 2185 625 2250 minei
640 2187 705 2250 rint
718 2185 826 2272 legati.
860 2185 1064 2251 Contrarium
1078 2193 1187 2251 temen
1202 2185 1364 2250 affirmant
1379 2183 1441 2248 Ba·

385 2272 495 2337 roniun
516 2274 551 2336 in
571 2270 757 2347 molibus,
775 2279 809 2336 et
831 2271 957 2336 Natalis
976 2271 1161 2336 Alexander
1181 2271 1213 2334 in
1233 2271 1315 2334 Hirr.
1337 2269 1442 2334 Euole-

385 2359 519 2422 eimtioo.
566 2357 630 2422 Sed
644 2358 704 2420 hoe
719 2357 752 2419 in
768 2357 866 2421 Afros
885 2365 1011 2443 gentum
1025 2379 1046 2420 a
1066 2357 1230 2442 Stephano
1245 2356 1351 2432 husee,
1367 2361 1442 2439 post

388 2443 598 2507 Peareonium
628 2443 806 2507 retulerunt
838 2442 967 2528 Pagina,
995 2441 1225 2521 Tillemontiue,
1252 2441 1440 2526 Banagm

389 2529 509 2609 “Quid
531 2551 571 2592 ex
593 2527 718 2592 illorum
739 2528 908 2592 verborum
932 2527 1013 2594 eerie
1034 2527 1196 2606 luoidiue,”
1217 2527 1321 2612 inquit
1345 2527 1442 2590 Peer-

388 2614 496 2678 eoniue
511 2615 544 2678 in
557 2612 733 2678 Auooliloe
750 2615 952 2698 prrioaiem
964 2615 1006 2678 ed
1018 2635 1091 2678 nnn.
1103 2637 1163 2678 nvr.
1181 2621 1201 2650 “
1211 2635 1307 2699 quam
1318 2613 1443 2698 legatos

390 2708 410 2736 ‘⁶
425 2721 481 2764 eoe
495 2699 667 2785 epieoopuli
680 2699 800 2764 honore
815 2700 1010 2784 oouepiouoa
1027 2721 1090 2764 non
1103 2700 1146 2764 ab
1157 2699 1372 2774 orientalibus,
1385 2698 1443 2763 eed

390 2792 410 2823 “
425 2786 467 2850 ab
483 2785 522 2850 iie
535 2785 590 2870 qui
609 2786 644 2849 iu
663 2785 791 2849 meridie
805 2793 907 2862 erant,
922 2786 984 2850 hoo
1003 2792 1062 2864 eet,
1079 2785 1178 2862 Ali-ie,
1194 2786 1307 2850 mieeoe
1325 2783 1443 2848 fuisse!

390 2871 536 2956 “Neque
556 2871 652 2935 aliter
672 2871 741 2934 haeo
767 2869 943 2935 Firmiliaui
965 2872 1071 2948 verba,
1094 2875 1180 2956 (quoe
1203 2871 1304 2936 oltete
1325 2891 1442 2955 praeoe-

390 2965 410 2994 ⁸⁶
425 2957 531 3039 dunt)
557 2956 762 3042 intelligenda
787 2978 856 3020 ease
878 2957 990 3022 sentio.
1039 2959 1115 3021 Nr'ei
1136 2957 1217 3043 qaod
1231 2977 1290 3020 noo
1303 2957 1442 3042 oratiam

390 3050 410 3079 “
426 3043 539 3126 referre
559 3041 710 3128 Stoplooo
729 3042 764 3106 ia
783 3043 838 3107 lato
850 3063 1016 3127 poeninae,
1031 3042 1113 3128 quod
1125 3065 1186 3128 per
1199 3041 1285 3106 ιῖἰίἰω
1300 3041 1440 3106 irilrmro·

390 3135 410 3165 “
424 3129 549 3192 nitatem
563 3150 647 3193 nuno
662 3127 808 3193 effoetum
822 3128 875 3202 sit,
891 3135 929 3192 ut
944 3128 1017 3192 fidei
1032 3135 1065 3193 et
1080 3149 1116 3193 ea
1138 3128 1244 3192 ientiae
1259 3135 1373 3192 veetrae
1385 3147 1439 3191 ex·

390 3213 635 3299 “perimentum
655 3235 848 3299 eriperemus.
867 3213 987 3299 (Supra
1001 3235 1034 3298 p.
1047 3151 1137 3296 παις
1175 3213 1236 3277 ille
1250 3214 1333 3278 enim
1347 3212 1439 3276 inhu-

390 3306 411 3336 “
425 3299 563 3364 maniter
586 3299 664 3363 nihil
688 3299 872 3400 nliudOerat
895 3320 991 3384 quam
1014 3298 1192 3386 legatorum
1217 3299 1358 3384 rejectio,
1380 3317 1440 3398 per

390 3477 410 3506 ιι
425 3406 521 3534 tlt
534 3406 589 3533 ”t
603 3383 1438 3556 ἯἭΜἘᾌἛἋῊΜἝΜ

433 3493 617 3654 hidilo&
640 3555 667 3620 ei
688 3555 843 3620 Dominus
863 3577 945 3620 unue
963 3563 1022 3634 eet,
1041 3577 1237 3643 oonsequene
1255 3563 1305 3620 eet
1323 3555 1437 3653 dicere,

388 3662 464 3725 quia
477 3663 559 3704 unus
573 3649 623 3705 eet
656 3641 729 3706 Hoo
743 3642 920 3706 membrum
937 3642 1089 3706 omissum
1103 3649 1153 3707 eet
1172 3643 1206 3706 in
1224 3639 1364 3706 editione
1384 3641 1438 3703 Rr-

386 3725 488 3874 fultii,
503 3725 689 3791 restitutum
706 3727 741 3790 in
756 3726 944 3814 Anglioana.
989 3727 1053 3793 Sed
1067 3727 1173 3793 neseio
1190 3747 1329 3813 quonam
1343 3725 1440 3790 modo

400 3819 509 3876 notum
524 3819 574 3876 est
593 3819 631 3876 ut
651 3812 749 3897 Angli
768 3813 889 3897 absque
903 3813 997 3878 ulline
1011 3813 1083 3878 libri
1097 3814 1214 3878 veteris
1234 3812 1437 3888 anelontem,

387 3903 500 3962 eontra
514 3897 609 3962 tidem
623 3903 767 3963 veterum
780 3897 1007 3983 exemplarium
1020 3905 1055 3964 et
1069 3899 1218 3963 editionis
1230 3896 1438 3974 morediano,

387 3982 572 4068 eeripeerint
590 4003 763 4070 mmmmm
777 3993 819 4048 eet
838 3985 912 4068 quio
929 3985 1034 4050 antra
1047 3994 1109 4059 ειη·
1137 3984 1197 4048 nisi
1212 3985 1238 4048 ri
1257 3983 1440 4048 maluerunt
1509 3993 1512 3999 “

386 4067 537 4154 amplecti
561 4069 778 4153 oonjeoturam
799 4069 943 4146 Pamelii
966 4071 1020 4154 qui
1045 4081 1213 4134 monuerat
1238 4069 1271 4132 in
1295 4068 1440 4154 margine

387 4175 452 4218 nrm
471 4153 620 4219 editionis
637 4154 805 4242 legendum
825 4175 894 4219 esee
908 4155 1020 4230 aalma,
1039 4157 1087 4220 vel
1106 4155 1332 4220 auotoritatem
1352 4155 1440 4218 Gou-

386 4237 483 4315 lnrtii,
506 4239 560 4322 qui
586 4261 657 4304 earn
681 4261 791 4306 vooem
816 4241 923 4325 poeuit
948 4239 980 4304 in
1002 4247 1166 4318 oontextu,
1193 4239 1279 4305 nulla
1304 4239 1439 4304 Pamolii

386 4323 567 4397 montione;
584 4323 780 4391 Reinhnrtue
793 4325 826 4389 in
838 4347 897 4390 sua
907 4325 1046 4392 editione
1056 4327 1200 4414 reposuit
1210 4347 1299 4390 erue.
1318 4324 1440 4390 Biton.

387 4407 492 4473 Exiet
505 4408 539 4472 in
554 4407 636 4474 Novi
648 4411 724 4476 coll.
740 4410 848 4476 eodioe
866 4411 942 4496 quio
960 4433 1042 4478 unue
1061 4423 1114 4492 est,
1130 4412 1216 4496 quod
1231 4411 1332 4476 edidit
1346 4410 1443 4476 Bulu-
