3326 5200
336 472 387 536 IN
413 467 755 536 'PERTULLIANI
780 472 845 535 DE
869 472 1133 538 ORATIONE.
1213 475 1272 544 179

264 643 302 708 P.
313 646 384 707 106.
394 642 417 706 l.
434 657 481 726 17.
492 649 526 707 et
541 643 692 746 spiritalis
706 641 894 728 disciplina]
908 641 1047 708 Facilior
1058 641 1162 709 oratio
1173 651 1267 724 esset,

220 729 247 794 si
262 729 462 807 scriberetur,
478 739 506 793 et
568 729 658 794 rituli
671 729 847 815 disciplina.

263 815 302 880 P.
319 834 388 898 107.
404 814 423 877 l.
441 835 466 878 ι.
483 815 508 878 si
545 815 567 878 li
587 813 788 965 reputamur}
812 815 885 880 Hoc
899 815 1066 902 significat,
1082 815 1108 879 si
1127 817 1198 880 Deo
1212 818 1266 882 ob-

219 902 333 979 stricti,
357 901 430 978 sive,
454 900 582 964 obnoxii
604 923 720 966 sumus.
788 901 818 965 ic
845 901 1048 988 paulopost,
1071 901 1109 966 de
1135 903 1266 968 Lamech

217 996 318 1051 aalma
332 1009 346 1051 s
395 988 499 1072 suspica
511 988 617 1072 septies
629 987 705 1052 ultio
718 995 869 1073 reputata
883 994 941 1052 cst.

263 1009 382 1138 Ihm-ep
399 1089 443 1154 17.
471 1095 509 1136 eo
529 1073 681 1158 competit
703 1075 772 1159 tre]
800 1073 942 1139 (lonlerri
962 1073 1087 1137 videtur
1105 1095 1127 1138 s
1141 1071 1266 1138 Tertul-

217 1158 303 1223 liano
316 1159 467 1222 medicem
479 1157 762 1239 delietcnncumeo,
797 1161 859 1224 uod
871 1181 929 1224 nos
940 1159 1136 1224 debitoribus
1147 1159 1265 1224 nostris

217 1245 421 1311 remittimus.
468 1244 517 1310 Ut
532 1253 569 1310 ut
583 1267 634 1310 res
649 1245 712 1311 ista
726 1267 760 1310 se
823 1247 887 1322 bet,
904 1245 1065 1332 Origenes,
1081 1245 1212 1331 perinde
1226 1267 1264 1312 ac

217 1329 293 1396 lecit
323 1331 357 1394 in
386 1331 590 1415 sequentibus
617 1331 839 1411 Tertullianus,
862 1332 904 1397 ad
926 1331 1076 1396 Matthaei
1098 1332 1202 1396 locum
1224 1355 1264 1396 ex

219 1416 334 1481 Genesi
344 1417 565 1482 illustrandum
577 1417 609 1480 in
624 1419 842 1483 Commentario
851 1440 908 1483 suo
918 1417 950 1482 in
962 1417 1047 1483 idem
1057 1417 1264 1505 Evangelium

218 1503 333 1588 pergit.
349 1502 424 1566 Vid.
439 1504 514 1567 Gen.
531 1503 584 1567 xii.
600 1525 670 1588 cap.
681 1520 715 1590 5.
731 1504 877 1590 alibique.

262 1588 345 1653 Ibid.
360 1589 380 1653 l.
392 1609 445 1674 31.
460 1595 518 1654 aut
543 1589 678 1674 dejicere
701 1589 745 1654 sit
765 1589 932 1689 gestiens]
955 1589 1099 1654 Verbum
1113 1591 1162 1668 sit,
1179 1589 1266 1690 quod

217 1675 324 1740 omisit
349 1675 516 1762 Rignltius,
543 1697 582 1740 ex
608 1676 700 1740 editt.
727 1677 885 1764 prron'bus
910 1675 1064 1754 revocavi,
1091 1675 1125 1739 in
1151 1675 1266 1760 qubus

217 1761 345 1846 quidem
360 1769 451 1827 extat
465 1762 646 1826 masmim
658 1783 717 1850 pro
729 1763 864 1848 peslicas.

260 1847 299 1910 P.
316 1848 386 1912 108.
413 1849 433 1912 1.
455 1850 485 1912 6.
513 1848 606 1912 Adeo
631 1849 750 1913 tentati
774 1855 849 1914 suut
872 1847 1044 1914 Dominum
1073 1845 1263 1934 deserendo]

219 1931 286 1995 Ubi
302 1931 416 1996 similia
431 1932 481 1997 his
495 1940 610 1998 extant
625 1934 657 1996 in
672 1955 741 2020 cap.
759 1935 818 2000 ult.
834 1934 905 1998 libri
921 1935 959 1999 de
973 1933 1143 2019 Baptiemo,
1159 1933 1203 1996 ibi
1218 1933 1266 1998 ait

217 2025 339 2094 auctor,
355 2018 401 2082 Et
414 2019 490 2096 ideo,
505 2019 602 2096 eodo,
617 2020 726 2084 tentati
738 2030 816 2097 snut,
833 2022 976 2106 quoniam
990 2017 1221 2096 mensem,
1233 2027 1267 2082 ct

216 2103 433 2252 adprobemus
450 2105 617 2169 Dominum
631 2105 830 2170 mamm.

281 2189 481 2255 bid.l.10.n
502 2193 598 2276 nnnc]
624 2192 776 2257 Oculeras
798 2190 920 2256 utiliter
941 2213 1011 2278 quae
1033 2190 1132 2256 babet
1153 2197 1267 2256 auctor

216 2275 251 2339 in
264 2274 319 2339 lib.
335 2275 373 2339 de
386 2276 481 2362 Fcpo
496 2277 531 2341 in
546 2277 766 2356 Perseectione,
783 2299 853 2364 cap.
871 2295 902 2341 a.

262 2361 343 2426 Ibid.
360 2363 378 2426 l.
394 2381 444 2426 ιι.
471 2363 673 2450 Compendiis
698 2364 904 2449 pauculorum
928 2363 1109 2447 verborum]
1140 2363 1265 2426 Panar-

216 2446 315 2512 lomm
357 2470 395 2513 ro
416 2470 492 2514 voce
514 2457 644 2535 recepta
659 2471 832 2536 paucorum
857 2471 897 2513 ex
920 2449 1027 2514 codice
1051 2449 1266 2512 Ambrosiano

217 2533 318 2598 edidit
335 2471 542 2612 liuratorius,
559 2535 613 2619 qui
628 2536 756 2620 quidem
771 2536 871 2601 codex
892 2536 934 2600 ab
955 2535 1005 2599 his
1020 2535 1123 2599 verbis
1145 2533 1264 2620 incipit.

217 2618 342 2684 Vocem
347 2621 495 2704 paucula
508 2620 607 2686 habes
622 2621 704 2686 inira
718 2644 787 2708 cap.
807 2641 856 2706 23.

262 2705 449 2790 lbid.1.29.
471 2707 682 2772 accidentium
704 2707 757 2791 jus
786 2714 836 2771 est
860 2707 1102 2792 desideriorum]
1137 2707 1175 2772 ld
1205 2715 1265 2784 est,

215 2811 382 2940 possumus
397 2797 507 2875 petere
522 2815 602 2878 quae,
614 2799 711 2880 prout
725 2793 851 2871 accidit,
862 2794 1086 2870 desideramus,
1102 2794 1266 2879 praemissa

227 2877 358 2962 egitima
382 2885 416 2942 et
440 2878 602 2944 ordinaria
623 2878 777 2956 oratione,
801 2879 906 2944 idest
922 2879 1090 2944 Dominica
1113 2879 1265 2943 Oratione

238 2984 275 3026 ro
288 2963 505 3028 fundamento.
550 2965 654 3029 Gumo
670 2964 891 3042 Pincrnonnus,
907 2987 927 3028 a
944 2965 1124 3028 Muratorio
1138 2965 1264 3029 allatus.

216 3049 730 3221 attttl⁰¹llltsllllll
745 3050 1141 3200 lllllttttllll
1154 3051 1267 3199 ,lli-'l

216 3242 290 3284 nem
304 3241 393 3284 suam
412 3220 599 3285 Tertulliani
615 3221 747 3286 Parisiis
767 3242 850 3284 anno
866 3223 948 3301 1624
962 3221 1047 3308 typis
1068 3221 1263 3306 impressam.

219 3306 283 3371 Sed
297 3305 405 3370 malim
420 3328 479 3392 ego
494 3314 622 3371 tentum
637 3329 797 3394 reponere,
813 3307 1028 3371 accedentium.

261 3392 298 3454 P.
318 3391 420 3474 109.l.
436 3411 468 3475 5.
484 3393 527 3456 ad
549 3415 660 3478 paoem
686 3394 747 3458 Dei
772 3391 938 3480 accedere]
963 3393 1065 3456 Extat
1084 3391 1210 3476 quidem
1233 3389 1266 3454 in

216 3477 294 3542 edit.
315 3477 492 3563 posteriore
520 3479 661 3566 Rigaltii,
685 3499 755 3563 quoe
777 3500 861 3542 anno
884 3478 1004 3563 prodiit
1022 3480 1113 3561 1634,
1134 3477 1266 3540 verbum

215 3564 360 3641 recedere,
377 3564 432 3628 sed
454 3564 561 3628 lorssn
581 3564 758 3650 typothetae
781 3585 896 3641 errore,
914 3563 967 3648 qui
982 3562 1111 3627 transiit
1126 3563 1159 3625 in
1173 3562 1265 3628 editt.

217 3657 401 3734 sequentes:
435 3649 546 3715 Habes
570 3651 696 3736 quidem
719 3673 744 3714 c.
765 3651 812 3727 18,
840 3651 935 3730 Quale
959 3649 1146 3734 eaen'fieiruu
1170 3657 1221 3726 est,
1246 3669 1267 3714 a

217 3736 359 3883 perine
378 3757 457 3821 pace
479 3737 656 3800 receditur?
680 3736 744 3800 Sed
766 3757 875 3800 omnes
898 3736 1053 3802 editiones
1078 3743 1155 3799 ante
1179 3734 1267 3799 illam

249 3819 258 3882 i
312 3822 433 3886 tianam
462 3822 592 3886 verbum
621 3823 760 3886 ceccdm
791 3822 843 3886 hic
875 3829 1042 3908 praestant.
1087 3819 1267 3886 Adnotevit

219 3906 426 3984 Murstorius,
445 3909 621 3972 “Recedere
643 3931 701 3994 pro
719 3909 838 3986 recenti,
860 3908 942 3972 banc
966 3930 1073 3972 vocem
1096 3929 1267 3992 usurpasse

218 3999 238 4028 “
253 3992 401 4058 videntur
412 3995 589 4070 Sallustius,
602 4001 699 4080 atque
710 3993 875 4059 Horatius.
900 3993 1004 4075 Quum
1015 4001 1124 4058 temen
1136 3993 1267 4057 dubium

219 4085 238 4114 “
254 4101 380 4143 sensum
410 4080 551 4145 habeant
581 4081 715 4145 istorum
745 4081 899 4163 exempla,
931 4087 964 4144 et
1000 4080 1132 4144 secedere
1168 4079 1266 4144 etiam

219 4171 238 4200 “
252 4165 441 4316 pignificerpt,
456 4167 568 4231 vellem
589 4166 699 4316 millet
720 4166 797 4316 mgpi
820 4186 904 4316 peplo
899 4165 1129 4230 Tertullianum
1150 4165 1211 4230 hoc
1233 4165 1266 4230 iu

219 4257 238 4287 ‘⁴
264 4273 322 4315 oco
337 4273 398 4316 serr
440 4275 475 4316 re
490 4275 553 4317 non
568 4275 632 4318 rece
670 4273 743 4330 ras
798 4273 851 4315 oce
905 4251 966 4316 re?

261 4337 301 4400 P.
321 4338 426 4423 109.l.
443 4339 472 4402 8.
489 4339 573 4405 Nam
594 4347 628 4404 et
645 4338 885 4424 loseph-curn
907 4337 956 4402 ira
977 4337 1186 4426 incedamus]
1203 4337 1267 4425 Op

218 4423 304 4502 time,
321 4432 359 4490 nt
374 4431 462 4511 puto,
478 4426 629 4491 monebat
643 4425 712 4491 haec
734 4425 782 4488 ita
803 4424 1028 4512 distinguenda
1048 4448 1117 4490 esse
1133 4425 1267 4491 Latinus

700 4537 720 4574 a
735 4533 756 4576 a
770 4513 791 4574 2
