3314 5190
405 485 470 550 330
739 485 1122 551 ANNOTATIONES

407 657 573 742 Baptismo
587 657 739 722 adversus
753 657 944 722 Donatistae
958 679 1028 742 cap.
1039 677 1092 735 44.
1115 655 1332 740 Hieronymus
1348 662 1458 720 autem

406 743 439 806 in
455 742 590 827 epistola
603 743 646 806 ad
663 743 828 829 Magnum,
844 765 964 828 ponens
979 743 1011 804 in
1025 741 1180 827 principio
1192 742 1346 806 sermonis
1357 749 1457 804 mate

406 829 488 893 riam
507 828 599 892 istius
618 828 700 904 libri,
721 837 876 914 tanquam
895 829 921 892 si
936 828 1048 892 titulus
1063 835 1157 904 esset,
1174 827 1220 890 sic
1240 827 1368 891 scribit:
1400 829 1457 909 Cy-

400 915 537 999 priacae
561 915 642 999 qaod
665 915 749 978 idolo
777 915 826 977 dit
850 936 908 977 aaa
932 914 992 977 ciat
1016 935 1077 999 qua
1103 913 1257 988 brevitate,
1283 935 1345 998 qao
1369 914 1458 975 dieta

407 1001 529 1064 maram
544 1001 678 1063 oninium
697 1001 833 1077 scicntia,
849 1022 975 1085 quoram
994 998 1148 1062 naborem
1163 1008 1191 1062 ct
1207 1021 1346 1062 sensuam
1359 999 1457 1083 splen-

408 1085 480 1150 doro
497 1088 705 1171 perstrinxit!
746 1088 801 1150 Ad
827 1087 961 1150 eundem
990 1085 1104 1148 librum
1130 1085 1307 1169 respexisse
1333 1084 1459 1147 videtur

409 1173 599 1256 quibusdam
617 1173 754 1236 Pontius
771 1171 922 1235 diaconus
942 1171 975 1233 in
996 1170 1076 1234 Vita
1095 1171 1197 1234 sancti
1218 1169 1368 1254 Cypriani
1383 1169 1458 1232 scri·

409 1258 487 1322 bens
501 1280 559 1343 per
574 1257 661 1322 illum
676 1259 820 1343 gentiles,
836 1255 1027 1342 repercussis
1042 1256 1075 1319 in
1086 1279 1120 1320 sc
1134 1257 1173 1319 iis
1184 1278 1254 1340 quae
1267 1256 1358 1319 nobie
1373 1255 1458 1355 inge·

409 1351 495 1420 runt,
511 1345 611 1408 victos
624 1344 729 1408 luisse.
762 1343 884 1407 Verum
897 1365 969 1406 cum
984 1342 1047 1406 ista
1063 1341 1171 1406 Pontii
1186 1342 1283 1405 verba
1294 1361 1459 1406 convcmre

410 1429 507 1493 etiam
523 1430 645 1514 possint
659 1429 740 1492 libro
754 1430 797 1493 ad
812 1429 1063 1504 Demetrianum‚
1077 1429 1110 1491 in
1122 1450 1185 1512 qno
1196 1435 1325 1491 sanctus
1336 1433 1460 1511 martyr

410 1516 562 1579 adversus
575 1515 709 1600 gentiles
723 1514 839 1602 ingerit
854 1513 998 1598 querelas
1010 1535 1120 1577 eorum
1135 1514 1174 1577 de
1186 1513 1383 1590 Christianis,
1396 1533 1461 1575 non

411 1600 514 1665 audeo
534 1602 692 1664 affirrnare
712 1602 808 1665 verba
828 1600 936 1663 Pontii
958 1599 1163 1684 intelligenda
1184 1605 1311 1662 tantum
1333 1620 1402 1662 esse
1419 1598 1460 1661 de

412 1686 494 1751 libro
506 1688 546 1750 de
555 1687 710 1751 Vanitate
720 1686 891 1750 idolorum.
923 1685 1036 1749 Potuit
1045 1685 1129 1749 enim
1139 1685 1274 1749 Pontius
1285 1684 1461 1770 respexisse

412 1773 456 1837 ad
470 1779 673 1856 utrumqueo
696 1795 743 1837 us.
789 1773 891 1835 Porro
910 1771 1061 1834 adversus
1076 1771 1196 1834 cultum
1213 1770 1369 1834 idolomm
1384 1769 1461 1832 nihil

414 1865 465 1923 est
479 1859 655 1944 elegantius
670 1795 752 1921 dove
767 1859 915 1943 tragoedo
927 1856 1069 1920 Luciani.
1093 1856 1258 1919 Bucuzms.

459 1945 497 2008 P.
516 1947 589 2028 269.
615 1943 635 2007 l.
650 1965 683 2024 4.
717 1944 804 2022 Quod
827 1943 910 2006 idola
936 1943 986 2006 dii
1013 1965 1072 2005 acts
1098 1942 1180 2013 siah·
1212 1951 1240 2006 et
1270 1940 1350 2026 qaod
1379 1941 1463 2003 Deae

414 2051 493 2094 rusus
513 2031 574 2103 eitr
598 2039 626 2093 ct
647 2030 728 2114 qaod
740 2051 800 2114 per
824 2029 976 2093 asason
997 2028 1080 2092 salas
1101 2027 1288 2092 erodentibus
1308 2026 1384 2090 dato
1404 2025 1461 2110 sit]

415 2116 496 2180 Onm
517 2116 550 2179 in
575 2115 732 2180 nonnullis
757 2115 850 2179 codd.
873 2114 1008 2200 scriptis,
1035 2122 1133 2198 atque
1155 2113 1314 2177 veteribus
1340 2112 1462 2196 aliquot

415 2209 491 2266 ante
506 2201 720 2278 Baluzianam‚
737 2223 792 2265 seu
808 2200 1055 2276 Benedictinam,
1071 2198 1263 2264 editionibus
1274 2198 1380 2262 omnia
1395 2197 1462 2260 haec

415 2308 474 2372 pro
488 2287 583 2350 titulo
602 2308 657 2350 seu
678 2286 784 2370 potius
803 2293 991 2371 argumento
1012 2285 1116 2371 operis
1138 2294 1225 2349 recte
1246 2306 1388 2349 seorsum
1407 2305 1463 2367 po-

416 2372 480 2436 sita
494 2372 569 2449 rint,
589 2371 636 2435 ita
655 2371 866 2456 imprimenda
882 2394 921 2435 ea
935 2371 1052 2436 curavi.
1096 2371 1256 2436 Caeterum
1275 2371 1317 2435 ad
1332 2369 1463 2434 tertium

416 2457 501 2540 quod
523 2456 642 2520 attinet
663 2456 757 2540 hujus
778 2457 864 2520 tituli
886 2458 1064 2536 articulum,
1088 2456 1141 2541 qui
1164 2457 1267 2541 qualis
1288 2457 1340 2520 hic
1361 2463 1462 2530 extat.

416 2540 547 2605 editioni
571 2540 769 2604 Manutianae
789 2541 936 2625 primitus
961 2543 1104 2619 debetur,
1127 2542 1333 2606 consimiliter
1354 2541 1464 2624 scribit

415 2633 530 2691 auctor
543 2625 576 2690 in
590 2626 803 2774 setgggntibus
823 2628 910 2706 Quod
922 2650 990 2692 coro
1009 2639 1037 2693 ct
1053 2629 1189 2693 &tuctus
1206 2630 1256 2707 cit,
1276 2637 1304 2692 et
1322 2626 1464 2713 cmmode

410 2733 472 2797 per
486 2713 586 2796 pssum
600 2733 637 2774 ae
662 2711 668 2725 '
694 2711 778 2775 salas
792 2714 915 2791 neaera,
930 2715 1030 2778 siccet
1043 2713 1125 2792 orde,
1140 2715 1184 2778 sic
1198 2715 1287 2780 ratio.

462 2797 543 2861 Ibid.
559 2797 642 2860 l.11.
662 2804 696 2861 et
711 2797 779 2861 dies
793 2797 892 2862 festos
912 2806 1005 2863 tanto
1025 2800 1145 2864 honore
1160 2800 1375 2882 celebrabant]
1400 2797 1463 2860 Lo-

418 2904 490 2947 cum
504 2882 588 2946 hunc
603 2882 647 2947 sic
661 2883 830 2948 restituere
844 2906 940 2949 ausus
955 2906 1034 2962 sum,
1046 2884 1186 2970 reposito
1197 2895 1279 2950 mato
1294 2906 1351 2970 pro
1362 2883 1465 2947 duodo

418 2991 458 3034 ex
473 2969 597 3033 duobus
611 2969 703 3034 codd.
719 2969 854 3055 scriptis,
870 2992 934 3034 uno
951 2971 1109 3035 Vossiano
1124 2970 1208 3035 inter
1221 2971 1371 3035 lectiones
1385 2969 1466 3032 vari-

418 3055 566 3120 antesin
589 3055 728 3120 editione
750 3056 932 3130 Osoniensi,
957 3078 1013 3120 seu
1037 3056 1168 3133 Fellina,
1191 3056 1340 3132 adducto,
1363 3055 1466 3119 altero

419 3163 499 3218 meo,
527 3162 621 3224 quem
646 3163 686 3206 ex
711 3141 903 3206 bibliothece
929 3142 1137 3206 Tewaterana
1157 3164 1257 3226 nuper
1277 3139 1466 3225 comparavi.

420 3226 486 3290 Pro
508 3247 583 3290 voce
604 3226 710 3290 doecre
730 3227 928 3311 praestabant
948 3229 1069 3292 maeres
1088 3227 1136 3290 vel
1157 3227 1295 3291 homeru
1313 3226 1468 3290 editiones

419 3319 496 3376 ante
506 3311 678 3390 Baluzium,
691 3312 832 3396 exceptis
843 3312 1064 3377 vetustissimis
1078 3313 1139 3377 illis
1149 3320 1225 3377 ante
1235 3311 1466 3376 Erasmianam.

464 3395 546 3461 Ibid.
562 3396 582 3460 l.
599 3416 646 3477 14.
662 3419 705 3461 an
720 3397 762 3461 sit
782 3404 816 3461 et
835 3397 903 3461 haec
922 3399 1007 3483 apud
1026 3399 1166 3484 singulos
1180 3397 1388 3548 veritasglta
1403 3395 1468 3460 edi·

420 3482 522 3560 derat,
566 3481 599 3544 ui
621 3490 697 3547 ante
719 3481 884 3546 Baluzium
906 3483 1030 3547 ornavit
1051 3505 1142 3547 suam
1164 3484 1258 3567 hujus
1283 3484 1304 3547 lr
1328 3482 1379 3547 elli
1404 3481 1470 3545 edi-

420 3567 541 3632 tionem
546 3503 696 3631 ⁴lacobus
711 3568 899 3646 Gronovius,
914 3569 1019 3653 posito
1032 3590 1075 3632 aa
1088 3569 1129 3633 eit
1142 3577 1170 3634 ct
1183 3569 1246 3633 leo
1259 3591 1318 3655 pro
1329 3568 1468 3654 vulgato,

420 3674 463 3716 aa
476 3661 530 3717 stet
543 3651 615 3717 see.
661 3653 870 3738 Firmantque
889 3655 971 3719 hanc
990 3655 1244 3720 emendationem
1258 3656 1434 3742 neglectam
1449 3675 1471 3718 a

421 3737 560 3815 Relatio,
576 3737 604 3800 si
625 3740 720 3803 modo
740 3761 880 3824 unquam
895 3741 1015 3805 venerit
1035 3763 1073 3805 ee
1093 3742 1136 3805 ad
1155 3740 1305 3806 notitiam
1325 3742 1401 3826 ejus,
1417 3761 1470 3803 co·

422 3823 508 3888 dices
523 3824 586 3886 duo
605 3823 754 3909 Cypriani
769 3827 854 3910 apud
874 3826 999 3890 Novum
1018 3826 1193 3913 Collegium
1209 3827 1242 3891 in
1257 3827 1382 3892 Oxonio
1396 3847 1471 3890 eon-

423 3909 550 3987 servati‚
567 3910 706 3974 numeris
727 3929 746 3975 2
762 3918 796 3975 et
817 3932 836 3996 3
857 3933 878 3975 a
898 3933 950 3976 me
969 3911 1138 4012 designati.
1183 3913 1286 3977 Extat
1305 3913 1340 3976 in
1358 3913 1471 3975 eodem

423 3994 554 4081 collegio
576 3995 656 4060 alius
679 4004 837 4083 praterea
858 3997 1007 4096 Cypriani
1028 3997 1108 4062 hber
1131 3997 1287 4083 scriptus;
1316 3998 1373 4061 sed
1395 4017 1471 4060 vero

423 4081 538 4145 nullius
553 4081 668 4145 horum
682 4083 825 4147 codicum
844 4082 994 4147 leotrones
1008 4083 1169 4148 variantes
1183 4083 1226 4146 ad
1245 4083 1329 4147 hunc
1343 4083 1471 4168 quidem

424 4167 509 4318 guod
538 4167 658 4233 attinet
682 4169 820 4233 libellum
848 4166 882 4231 iu
907 4168 1079 4233 Oxoniensi
1108 4168 1246 4234 editione
1275 4175 1471 4254 comparent.

451 4252 593 4319 ousentit
619 4261 652 4318 et
683 4275 754 4319 cum
783 4252 918 4317 lectione
952 4254 1161 4319 emendatiori
1190 4255 1291 4319 codex
1322 4254 1473 4342 Cypriani

426 4337 542 4402 MStus
557 4361 597 4403 ex
611 4338 803 4402 bibliotheca
817 4338 854 4401 el.
870 4329 979 4424 Dmry
993 4361 1076 4404 nune
1090 4361 1110 4404 a
1124 4361 1176 4404 me
1190 4349 1402 4426 comparatus.

469 4423 551 4488 lbid.
565 4423 586 4486 l.
603 4441 650 4506 19.
666 4423 783 4508 Apollo
797 4423 940 4504 Admeto
955 4418 1050 4510 pecus
1063 4426 1165 4512 pavit]
1185 4427 1259 4492 Hoc
1273 4450 1332 4513 pro
1343 4427 1474 4514 uulgato
