3316 5198
386 443 451 508 150
743 445 1083 510 'PER'PULLIANI

385 625 543 688 creatore
560 619 803 688 universorum
821 621 1094 690 controversiam
1116 620 1276 688 moverit.
1313 614 1443 690 Nemo'

385 732 537 803 alterum
578 732 697 804 Deum
738 757 843 805 ausus
882 741 937 804 eat
976 735 1165 827 suspicari:
1212 734 1350 805 facilius
1387 736 1432 806 de

386 847 487 932 Filio,
517 871 623 941 quam
650 851 695 920 de
721 849 828 920 Patra
853 849 1092 933 haesitabatur,
1119 852 1232 921 donec
1259 849 1432 934 Marcion,

384 972 515 1056 praeter
556 973 760 1050 creatorem,
799 965 908 1037 alium
952 965 1070 1037 Deum
1113 965 1221 1036 solius
1263 966 1432 1038 bonitatis

383 1081 587 1154 induceret:
618 1081 766 1175 Apelles
784 1090 979 1153 creatorem
999 1082 1166 1177 angelum
1190 1083 1431 1174 nescioquem
1463 1107 1479 1166 5

383 1196 575 1290 gloriosum
610 1200 795 1291 superioris
831 1198 910 1282 Dei,
944 1199 1077 1269 faceret
1112 1197 1232 1268 Deum
1272 1197 1360 1292 legis
1394 1207 1432 1269 et

385 1314 534 1398 Israelis,
552 1315 654 1386 illum
677 1317 823 1409 igneum
845 1314 1041 1385 affirmans:
1070 1313 1285 1386 Valentinus
1313 1336 1431 1384 aeonas

384 1454 465 1503 suos
491 1439 680 1526 spargeret,
706 1441 744 1502 et
769 1433 873 1502 unius
903 1432 1010 1503 aeonis
1035 1431 1163 1500 vitium
1196 1432 1233 1500 in
1259 1429 1431 1523 originem

383 1548 575 1620 deduceret
605 1548 675 1619 Dei
705 1549 881 1618 creatoris.
944 1546 1014 1618 His
1044 1546 1126 1617 solis
1155 1545 1275 1617 ethis
1309 1547 1431 1638 primis

382 1665 539 1735 revelata
561 1667 745 1736 estveritas
763 1663 990 1747 Divinitatis3
1016 1663 1185 1755 majorem
1203 1663 1339 1732 scilicet
1356 1662 1431 1756 dig·
1443 1689 1478 1729 ιο

382 1782 562 1852 nationem
599 1789 637 1852 et
665 1780 859 1875 pleniorem
893 1780 1044 1874 gratiam
1077 1801 1100 1849 a
1132 1778 1273 1848 diabolo
1309 1801 1432 1850 conse-

381 1898 482 1981 cutis,
501 1899 561 1990 qui
580 1896 699 1967 Deum
722 1898 772 1968 sic
794 1919 935 1988 quoque
961 1894 1114 1965 voluerit
1138 1895 1309 1977 aemulari,
1327 1902 1368 1964 ut
1385 1880 1443 1965 de'

382 2015 550 2086 doctrinis
580 2037 797 2086 venenorum
823 2013 933 2106 (quod
963 2012 1138 2083 Dominus
1168 2013 1325 2106 negavit)
1356 2013 1430 2104 ipse

258 2155 278 2188 a
291 2139 323 2187 vr.
383 2129 515 2200 faceret
540 2129 729 2222 discipulos
754 2152 860 2222 super
884 2129 1102 2222 magistrum.
1155 2127 1300 2222 Eligant
1322 2128 1431 2221 igitur

381 2245 447 2315 sibi
473 2254 635 2338 tempora
660 2247 833 2316 universae
860 2245 1023 2328 haereses,
1053 2268 1134 2336 quae
1162 2241 1256 2338 (sor.
1283 2241 1428 2336 decad)
1441 2269 1476 2330 15

381 2360 522 2452 quando
549 2353 691 2444 fuerint,
717 2362 804 2431 dum
830 2359 922 2456 (sor.
953 2363 1050 2454 oum)
1080 2383 1151 2430 non
1182 2359 1321 2429 intersit
1347 2382 1428 2450 quae

382 2472 474 2569 (sor.
501 2475 779 2572 distinguendum
799 2484 880 2570 post
910 2477 1005 2570 quae)
1033 2476 1174 2567 qnando
1205 2474 1250 2544 de
1280 2474 1429 2544 veritate

380 2613 451 2661 non
477 2593 558 2684 sint.
611 2592 747 2685 Utique
772 2614 853 2685 quae
879 2591 924 2662 ab
950 2589 1117 2684 apostolis
1139 2590 1333 2660 nominatae
1358 2611 1430 2660 non

380 2706 534 2789 fueram,
558 2708 624 2778 sub
647 2708 814 2801 apostolis
838 2707 945 2778 fuisse
968 2729 1041 2777 non
1063 2714 1220 2800 possunt.
1273 2704 1312 2774 Si
1333 2705 1428 2775 enim

380 2822 538 2905 fuissent,
574 2825 841 2895 nominarentur
876 2832 913 2894 et
947 2825 1043 2916 ipsae,
1074 2831 1116 2894 ut
1145 2830 1183 2892 et
1212 2822 1294 2914 ipsae
1331 2843 1477 2891 coer-20

381 2940 510 3010 oendoe.
573 2938 665 3023 Quae
699 2962 783 3010 vero
816 2939 883 3010 sub
912 2937 1080 3032 apostolis
1110 2938 1264 3020 iuenmt,
1299 2937 1336 3007 in
1365 2958 1429 3007 sua

380 3055 621 3127 nominatione
656 3057 877 3127 damnantur.
930 3056 1015 3126 Sive
1048 3078 1133 3149 ergo
1167 3053 1300 3125 eaedem
1334 3074 1428 3123 nunc

380 3179 463 3242 sunt
480 3171 661 3265 aliquanto
678 3173 915 3266 expolitiores,
933 3195 1014 3265 qnae
1035 3171 1101 3242 sub
1118 3169 1285 3264 apostolis
1302 3170 1428 3250 mdes;

379 3287 514 3358 habent
530 3313 631 3361 suam
648 3291 777 3360 exinde
794 3290 1077 3360 damnationem:
1100 3289 1173 3358 sive
1190 3285 1267 3358 aliae
1284 3285 1428 3378 quidem

379 3402 452 3473 illae
474 3404 628 3487 fuerunt,
646 3405 726 3475 aliae
747 3413 869 3476 autem
890 3413 1014 3497 postea
1034 3404 1170 3476 obortae
1191 3401 1360 3495 quasdam
1381 3421 1474 3488 exos

379 3518 449 3591 illis
475 3523 656 3613 opiniones
681 3530 949 3613 usurpaverunt,
975 3520 1139 3591 habendo
1164 3541 1246 3589 cum
1271 3519 1322 3590 eis
1345 3539 1429 3588 oon-

380 3638 527 3706 aortium
564 3637 830 3730 praedicationis,
860 3636 1016 3708 habeant
1045 3657 1189 3706 neeesse
1226 3641 1281 3704 est
1318 3633 1427 3704 etiam

379 3754 595 3824 consortium
621 3752 865 3837 damnationis,
891 3753 1116 3847 praecedente
1145 3750 1208 3821 illo
1233 3750 1304 3820 fine
1333 3747 1426 3844 (sor.

379 3869 475 3953 fune,
491 3867 640 3964 Juuius)
659 3869 859 3962 supradicto
880 3870 1118 3962 posteritatis;
1148 3890 1228 3960 quo,
1250 3867 1318 3936 etsi
1339 3863 1427 3935 nihil

380 3985 425 4055 de
448 3986 666 4057 damnatitiis
688 3985 950 4078 participarent,
971 3985 1016 4056 de
1038 3992 1147 4056 aetate
1170 3981 1245 4054 sola
1266 3981 1476 4074 praejudi·30

380 4109 563 4184 carentum
589 4108 690 4172 tanto
707 4103 819 4196 magis
839 4100 1017 4186 adulterae,
1035 4110 1168 4194 quanto
1190 4123 1256 4171 nec
1278 4098 1323 4168 ab
1344 4120 1427 4190 apo-

379 4213 478 4285 stolis
508 4218 710 4288 nominatae.
765 4216 871 4288 Unde
901 4219 1035 4288 firmius
1067 4224 1217 4301 constat,
1247 4215 1311 4286 has
1340 4235 1425 4295 esse,

380 4353 461 4423 quae
478 4329 593 4402 adhuc
610 4341 697 4405 tunc
714 4334 969 4406 nuntiabantur
984 4334 1121 4405 futurae.
