<?xml version="1.0" encoding="UTF-8"?>
<!DOCTYPE html PUBLIC "-//W3C//DTD XHTML 1.0 Transitional//EN"
    "http://www.w3.org/TR/xhtml1/DTD/xhtml1-transitional.dtd">
<html xmlns="http://www.w3.org/1999/xhtml" xml:lang="en" lang="en">
 <head>
  <title>
</title>
<meta http-equiv="Content-Type" content="text/html;charset=utf-8" />
  <meta name='ocr-system' content='tesseract 3.04.00' />
  <meta name='ocr-capabilities' content='ocr_page ocr_carea ocr_par ocr_line ocrx_word'/>
</head>
<body>
  <div class='ocr_page' id='page_1' title='image "./scriptorumeccle00routgoog_0042.png"; bbox 0 0 3310 5224; ppageno 0'>
   <div class='ocr_carea' id='block_1_1' title="bbox 368 484 1250 552">
    <p class='ocr_par' dir='ltr' id='par_1_1' title="bbox 368 484 1250 552">
     <span class='ocr_line' id='line_1_1' title="bbox 368 484 1250 552; baseline 0 -4"><span class='ocrx_word' id='word_1_1' title='bbox 368 486 417 548; x_wconf 85' lang='lat' dir='ltr'>IN</span> <span class='ocrx_word' id='word_1_2' title='bbox 444 487 475 549; x_wconf 91' lang='lat' dir='ltr'>S.</span> <span class='ocrx_word' id='word_1_3' title='bbox 492 485 766 552; x_wconf 85' lang='lat' dir='ltr'><strong>POLYCARPI</strong></span> <span class='ocrx_word' id='word_1_4' title='bbox 793 484 1084 550; x_wconf 83' lang='lat' dir='ltr'><strong>EPISTOLAM.</strong></span> <span class='ocrx_word' id='word_1_5' title='bbox 1209 487 1250 548; x_wconf 68' lang='lat'>25</span> 
     </span>
    </p>
   </div>
   <div class='ocr_carea' id='block_1_2' title="bbox 198 655 1250 2978">
    <p class='ocr_par' dir='ltr' id='par_1_2' title="bbox 199 655 1250 1086">
     <span class='ocr_line' id='line_1_2' title="bbox 246 655 1250 741; baseline 0.002 -23"><span class='ocrx_word' id='word_1_6' title='bbox 246 655 327 720; x_wconf 87' lang='lat' dir='ltr'><strong>Ibid.</strong></span> <span class='ocrx_word' id='word_1_7' title='bbox 345 656 365 720; x_wconf 94' lang='lat' dir='ltr'>l.</span> <span class='ocrx_word' id='word_1_8' title='bbox 384 678 391 720; x_wconf 89' lang='grc' dir='ltr'>ι</span> <span class='ocrx_word' id='word_1_9' title='bbox 398 676 430 740; x_wconf 88' lang='lat'>5.</span> <span class='ocrx_word' id='word_1_10' title='bbox 453 657 635 720; x_wconf 83' lang='grc' dir='ltr'>κατενύπιον</span> <span class='ocrx_word' id='word_1_11' title='bbox 650 657 740 720; x_wconf 82' lang='grc' dir='ltr'>αὐτοῦ</span> <span class='ocrx_word' id='word_1_12' title='bbox 755 659 806 736; x_wconf 79' lang='grc' dir='ltr'>τῆς</span> <span class='ocrx_word' id='word_1_13' title='bbox 819 658 1020 741; x_wconf 75' lang='grc' dir='ltr'>δικαιοσύνης]</span> <span class='ocrx_word' id='word_1_14' title='bbox 1043 656 1098 720; x_wconf 85' lang='lat' dir='ltr'>An</span> <span class='ocrx_word' id='word_1_15' title='bbox 1113 657 1250 722; x_wconf 80' lang='lat' dir='ltr'>seriben-</span> 
     </span>
     <span class='ocr_line' id='line_1_3' title="bbox 199 741 1249 829; baseline 0.001 -23"><span class='ocrx_word' id='word_1_16' title='bbox 199 744 277 806; x_wconf 91' lang='lat' dir='ltr'>dum</span> <span class='ocrx_word' id='word_1_17' title='bbox 299 749 350 806; x_wconf 82' lang='lat' dir='ltr'>est</span> <span class='ocrx_word' id='word_1_18' title='bbox 372 747 409 819; x_wconf 85' lang='grc' dir='ltr'>τῆ</span> <span class='ocrx_word' id='word_1_19' title='bbox 433 745 614 829; x_wconf 80' lang='grc' dir='ltr'>δικαιοσύνῃ,</span> <span class='ocrx_word' id='word_1_20' title='bbox 642 742 672 805; x_wconf 87' lang='lat' dir='ltr'>h.</span> <span class='ocrx_word' id='word_1_21' title='bbox 685 764 712 806; x_wconf 91' lang='lat' dir='ltr'>e.</span> <span class='ocrx_word' id='word_1_22' title='bbox 736 743 770 805; x_wconf 94' lang='lat' dir='ltr'>in</span> <span class='ocrx_word' id='word_1_23' title='bbox 789 743 918 827; x_wconf 81' lang='lat' dir='ltr'>justitie</span> <span class='ocrx_word' id='word_1_24' title='bbox 939 741 1096 807; x_wconf 77' lang='grc' dir='ltr'>ασιύιιίανο</span> <span class='ocrx_word' id='word_1_25' title='bbox 1120 742 1249 807; x_wconf 62' lang='lat' dir='ltr'>Meet?</span> 
     </span>
     <span class='ocr_line' id='line_1_4' title="bbox 201 807 1250 914; baseline 0.002 -22"><span class='ocrx_word' id='word_1_26' title='bbox 201 829 266 892; x_wconf 91' lang='lat' dir='ltr'>Sed</span> <span class='ocrx_word' id='word_1_27' title='bbox 280 829 375 893; x_wconf 77' lang='lat' dir='ltr'>aliter</span> <span class='ocrx_word' id='word_1_28' title='bbox 387 807 463 892; x_wconf 68' lang='lat' dir='ltr'>Vei.</span> <span class='ocrx_word' id='word_1_29' title='bbox 475 829 597 914; x_wconf 87' lang='lat' dir='ltr'>Interp.</span> <span class='ocrx_word' id='word_1_30' title='bbox 622 828 703 893; x_wconf 80' lang='lat' dir='ltr'>Haeo</span> <span class='ocrx_word' id='word_1_31' title='bbox 717 829 793 892; x_wconf 91' lang='lat' dir='ltr'>olim</span> <span class='ocrx_word' id='word_1_32' title='bbox 807 829 908 914; x_wconf 87' lang='lat' dir='ltr'>posui.</span> <span class='ocrx_word' id='word_1_33' title='bbox 933 828 956 893; x_wconf 84' lang='lat' dir='ltr'>J</span> <span class='ocrx_word' id='word_1_34' title='bbox 958 851 1011 894; x_wconf 83' lang='lat' dir='ltr'>sm</span> <span class='ocrx_word' id='word_1_35' title='bbox 1026 849 1100 892; x_wconf 87' lang='lat' dir='ltr'>vero</span> <span class='ocrx_word' id='word_1_36' title='bbox 1111 838 1250 894; x_wconf 80' lang='lat' dir='ltr'>veterem</span> 
     </span>
     <span class='ocr_line' id='line_1_5' title="bbox 200 914 1250 1002; baseline 0.002 -24"><span class='ocrx_word' id='word_1_37' title='bbox 200 921 311 979; x_wconf 81' lang='lat' dir='ltr'>tuetur</span> <span class='ocrx_word' id='word_1_38' title='bbox 335 914 502 979; x_wconf 78' lang='lat' dir='ltr'>leotionem</span> <span class='ocrx_word' id='word_1_39' title='bbox 522 914 560 979; x_wconf 89' lang='lat' dir='ltr'>ol.</span> <span class='ocrx_word' id='word_1_40' title='bbox 575 915 797 991; x_wconf 82' lang='lat' dir='ltr'>Joeebsonns;</span> <span class='ocrx_word' id='word_1_41' title='bbox 822 923 856 979; x_wconf 87' lang='lat' dir='ltr'>et</span> <span class='ocrx_word' id='word_1_42' title='bbox 873 915 965 979; x_wconf 90' lang='lat' dir='ltr'>velim</span> <span class='ocrx_word' id='word_1_43' title='bbox 989 935 1072 980; x_wconf 84' lang='lat' dir='ltr'>nuno</span> <span class='ocrx_word' id='word_1_44' title='bbox 1098 937 1157 1002; x_wconf 86' lang='lat' dir='ltr'>ego</span> <span class='ocrx_word' id='word_1_45' title='bbox 1179 935 1250 980; x_wconf 84' lang='lat' dir='ltr'>eem</span> 
     </span>
     <span class='ocr_line' id='line_1_6' title="bbox 200 1000 1142 1086; baseline -0.002 -20"><span class='ocrx_word' id='word_1_46' title='bbox 200 1001 347 1077; x_wconf 82' lang='lat' dir='ltr'>retinere,</span> <span class='ocrx_word' id='word_1_47' title='bbox 365 1000 440 1085; x_wconf 72' lang='lat' dir='ltr'>quie.</span> <span class='ocrx_word' id='word_1_48' title='bbox 453 1001 655 1084; x_wconf 79' lang='lat' dir='ltr'>aliquetenus</span> <span class='ocrx_word' id='word_1_49' title='bbox 669 1002 816 1066; x_wconf 81' lang='lat' dir='ltr'>eonvenit</span> <span class='ocrx_word' id='word_1_50' title='bbox 830 1021 903 1066; x_wconf 88' lang='lat' dir='ltr'>omn</span> <span class='ocrx_word' id='word_1_51' title='bbox 917 1001 1142 1086; x_wconf 87' lang='lat' dir='ltr'>superioribus.</span> 
     </span>
    </p>

    <p class='ocr_par' dir='ltr' id='par_1_3' title="bbox 199 1086 1250 1602">
     <span class='ocr_line' id='line_1_7' title="bbox 246 1086 1250 1172; baseline 0.002 -22"><span class='ocrx_word' id='word_1_52' title='bbox 246 1086 328 1150; x_wconf 92' lang='lat' dir='ltr'><strong>Ibid.</strong></span> <span class='ocrx_word' id='word_1_53' title='bbox 344 1086 365 1150; x_wconf 94' lang='lat' dir='ltr'>l.</span> <span class='ocrx_word' id='word_1_54' title='bbox 382 1088 430 1150; x_wconf 90' lang='lat'>16.</span> <span class='ocrx_word' id='word_1_55' title='bbox 455 1088 495 1154; x_wconf 80' lang='grc' dir='ltr'>ὡς</span> <span class='ocrx_word' id='word_1_56' title='bbox 515 1091 597 1152; x_wconf 83' lang='grc' dir='ltr'>Θεοῦ</span> <span class='ocrx_word' id='word_1_57' title='bbox 617 1088 665 1151; x_wconf 81' lang='grc' dir='ltr'>καὶ</span> <span class='ocrx_word' id='word_1_58' title='bbox 683 1092 815 1168; x_wconf 82' lang='grc' dir='ltr'>Χριστοῦ</span> <span class='ocrx_word' id='word_1_59' title='bbox 835 1087 980 1172; x_wconf 73' lang='grc' dir='ltr'>διάκονοι]</span> <span class='ocrx_word' id='word_1_60' title='bbox 999 1088 1074 1153; x_wconf 86' lang='lat' dir='ltr'>MS.</span> <span class='ocrx_word' id='word_1_61' title='bbox 1098 1093 1181 1153; x_wconf 86' lang='grc' dir='ltr'>Θεοῦ</span> <span class='ocrx_word' id='word_1_62' title='bbox 1202 1091 1250 1153; x_wconf 82' lang='grc' dir='ltr'>καὶ</span> 
     </span>
     <span class='ocr_line' id='line_1_8' title="bbox 201 1172 1250 1276; baseline 0.003 -40"><span class='ocrx_word' id='word_1_63' title='bbox 201 1178 334 1253; x_wconf 79' lang='grc' dir='ltr'>Χριστοῦ</span> <span class='ocrx_word' id='word_1_64' title='bbox 349 1176 423 1258; x_wconf 82' lang='grc' dir='ltr'>(ρτο</span> <span class='ocrx_word' id='word_1_65' title='bbox 438 1172 525 1236; x_wconf 86' lang='lat' dir='ltr'>edito</span> <span class='ocrx_word' id='word_1_66' title='bbox 541 1177 624 1238; x_wconf 86' lang='grc' dir='ltr'>Θεοῦ</span> <span class='ocrx_word' id='word_1_67' title='bbox 644 1176 678 1237; x_wconf 72' lang='grc' dir='ltr'>ἐν</span> <span class='ocrx_word' id='word_1_68' title='bbox 696 1175 842 1260; x_wconf 64' lang='grc' dir='ltr'>Χριστῷ),</span> <span class='ocrx_word' id='word_1_69' title='bbox 859 1182 893 1238; x_wconf 76' lang='lat' dir='ltr'>ee</span> <span class='ocrx_word' id='word_1_70' title='bbox 912 1175 960 1238; x_wconf 76' lang='lat' dir='ltr'>im</span> <span class='ocrx_word' id='word_1_71' title='bbox 980 1196 1022 1259; x_wconf 90' lang='lat' dir='ltr'>qu</span> <span class='ocrx_word' id='word_1_72' title='bbox 1064 1197 1104 1238; x_wconf 93' lang='lat' dir='ltr'>ue</span> <span class='ocrx_word' id='word_1_73' title='bbox 1123 1173 1250 1276; x_wconf 74' lang='lat' dir='ltr'>legebat</span> 
     </span>
     <span class='ocr_line' id='line_1_9' title="bbox 202 1258 1249 1346; baseline 0.004 -26"><span class='ocrx_word' id='word_1_74' title='bbox 202 1258 279 1323; x_wconf 85' lang='lat' dir='ltr'>Vet.</span> <span class='ocrx_word' id='word_1_75' title='bbox 299 1259 419 1343; x_wconf 86' lang='lat' dir='ltr'>interp.</span> <span class='ocrx_word' id='word_1_76' title='bbox 443 1258 558 1322; x_wconf 75' lang='lat' dir='ltr'>Sume.</span> <span class='ocrx_word' id='word_1_77' title='bbox 599 1258 671 1323; x_wconf 89' lang='grc' dir='ltr'>Ηοο</span> <span class='ocrx_word' id='word_1_78' title='bbox 686 1281 754 1346; x_wconf 87' lang='lat' dir='ltr'>ego,</span> <span class='ocrx_word' id='word_1_79' title='bbox 775 1261 933 1345; x_wconf 75' lang='lat' dir='ltr'>probante</span> <span class='ocrx_word' id='word_1_80' title='bbox 951 1259 1036 1324; x_wconf 90' lang='lat' dir='ltr'>idem</span> <span class='ocrx_word' id='word_1_81' title='bbox 1087 1281 1196 1338; x_wconf 86' lang='lat' dir='ltr'>sseno,</span> <span class='ocrx_word' id='word_1_82' title='bbox 1217 1261 1249 1324; x_wconf 91' lang='lat' dir='ltr'>in</span> 
     </span>
     <span class='ocr_line' id='line_1_10' title="bbox 199 1344 1250 1431; baseline 0.002 -23"><span class='ocrx_word' id='word_1_83' title='bbox 199 1351 326 1408; x_wconf 82' lang='lat' dir='ltr'>textum</span> <span class='ocrx_word' id='word_1_84' title='bbox 349 1345 463 1429; x_wconf 85' lang='lat' dir='ltr'>reoepi.</span> <span class='ocrx_word' id='word_1_85' title='bbox 510 1344 562 1408; x_wconf 87' lang='lat' dir='ltr'>Sio</span> <span class='ocrx_word' id='word_1_86' title='bbox 587 1366 712 1429; x_wconf 89' lang='lat' dir='ltr'>quoque</span> <span class='ocrx_word' id='word_1_87' title='bbox 734 1346 798 1410; x_wconf 84' lang='lat' dir='ltr'>duo</span> <span class='ocrx_word' id='word_1_88' title='bbox 818 1346 911 1411; x_wconf 83' lang='lat' dir='ltr'>elteri</span> <span class='ocrx_word' id='word_1_89' title='bbox 932 1346 1057 1410; x_wconf 86' lang='lat' dir='ltr'>oodioes</span> <span class='ocrx_word' id='word_1_90' title='bbox 1082 1346 1193 1431; x_wconf 87' lang='lat' dir='ltr'>seripti</span> <span class='ocrx_word' id='word_1_91' title='bbox 1216 1367 1250 1410; x_wconf 92' lang='lat' dir='ltr'>se</span> 
     </span>
     <span class='ocr_line' id='line_1_11' title="bbox 200 1429 1250 1518; baseline 0.001 -24"><span class='ocrx_word' id='word_1_92' title='bbox 200 1431 321 1494; x_wconf 84' lang='lat' dir='ltr'>hebent</span> <span class='ocrx_word' id='word_1_93' title='bbox 343 1437 427 1494; x_wconf 86' lang='lat' dir='ltr'>teste</span> <span class='ocrx_word' id='word_1_94' title='bbox 446 1429 640 1508; x_wconf 63' lang='lat' dir='ltr'>Jacobsone</span> <span class='ocrx_word' id='word_1_95' title='bbox 664 1432 717 1516; x_wconf 91' lang='lat' dir='ltr'>qui</span> <span class='ocrx_word' id='word_1_96' title='bbox 739 1439 849 1496; x_wconf 89' lang='lat' dir='ltr'>monet</span> <span class='ocrx_word' id='word_1_97' title='bbox 872 1431 933 1517; x_wconf 84' lang='lat' dir='ltr'>legi</span> <span class='ocrx_word' id='word_1_98' title='bbox 955 1432 997 1496; x_wconf 85' lang='lat' dir='ltr'>ed</span> <span class='ocrx_word' id='word_1_99' title='bbox 1019 1432 1114 1498; x_wconf 86' lang='lat' dir='ltr'>finem</span> <span class='ocrx_word' id='word_1_100' title='bbox 1136 1433 1250 1518; x_wconf 74' lang='lat' dir='ltr'>ospitis</span> 
     </span>
     <span class='ocr_line' id='line_1_12' title="bbox 199 1516 643 1602; baseline 0 -22"><span class='ocrx_word' id='word_1_101' title='bbox 199 1516 294 1580; x_wconf 88' lang='lat' dir='ltr'>hu&#39;us</span> <span class='ocrx_word' id='word_1_102' title='bbox 310 1517 348 1584; x_wconf 83' lang='grc' dir='ltr'>ῦς</span> <span class='ocrx_word' id='word_1_103' title='bbox 364 1518 434 1601; x_wconf 70' lang='grc' dir='ltr'>Θεῷ</span> <span class='ocrx_word' id='word_1_104' title='bbox 451 1517 500 1580; x_wconf 66' lang='grc' dir='ltr'>καὶ</span> <span class='ocrx_word' id='word_1_105' title='bbox 514 1521 643 1602; x_wconf 74' lang='grc' dir='ltr'>Χριστῷ.</span> 
     </span>
    </p>

    <p class='ocr_par' dir='ltr' id='par_1_4' title="bbox 199 1539 1249 2010">
     <span class='ocr_line' id='line_1_13' title="bbox 241 1539 1247 1688; baseline 0.002 -24"><span class='ocrx_word' id='word_1_106' title='bbox 241 1539 326 1666; x_wconf 79' lang='lat' dir='ltr'>ibid.</span> <span class='ocrx_word' id='word_1_107' title='bbox 351 1603 371 1664; x_wconf 87' lang='lat' dir='ltr'>i.</span> <span class='ocrx_word' id='word_1_108' title='bbox 393 1618 439 1683; x_wconf 82' lang='lat'>17.</span> <span class='ocrx_word' id='word_1_109' title='bbox 473 1603 514 1682; x_wconf 71' lang='grc' dir='ltr'>μὴ</span> <span class='ocrx_word' id='word_1_110' title='bbox 547 1603 677 1686; x_wconf 80' lang='grc' dir='ltr'>δίλογοι]</span> <span class='ocrx_word' id='word_1_111' title='bbox 714 1603 766 1668; x_wconf 84' lang='lat' dir='ltr'>Ite</span> <span class='ocrx_word' id='word_1_112' title='bbox 794 1605 886 1668; x_wconf 85' lang='lat' dir='ltr'>oodd.</span> <span class='ocrx_word' id='word_1_113' title='bbox 919 1603 1015 1667; x_wconf 70' lang='lat' dir='ltr'>Leur&#39;.</span> <span class='ocrx_word' id='word_1_114' title='bbox 1046 1611 1116 1688; x_wconf 89' lang='lat' dir='ltr'>(seu</span> <span class='ocrx_word' id='word_1_115' title='bbox 1144 1603 1247 1684; x_wconf 87' lang='lat' dir='ltr'>Flor.)</span> 
     </span>
     <span class='ocr_line' id='line_1_14' title="bbox 202 1684 1248 1774; baseline 0.002 -24"><span class='ocrx_word' id='word_1_116' title='bbox 202 1687 278 1752; x_wconf 82' lang='lat' dir='ltr'>Vet.</span> <span class='ocrx_word' id='word_1_117' title='bbox 295 1689 369 1752; x_wconf 80' lang='lat' dir='ltr'>Per.</span> <span class='ocrx_word' id='word_1_118' title='bbox 385 1687 524 1772; x_wconf 81' lang='lat' dir='ltr'>pressius</span> <span class='ocrx_word' id='word_1_119' title='bbox 538 1689 580 1752; x_wconf 84' lang='lat' dir='ltr'>ed</span> <span class='ocrx_word' id='word_1_120' title='bbox 592 1689 690 1753; x_wconf 83' lang='lat' dir='ltr'>verbe</span> <span class='ocrx_word' id='word_1_121' title='bbox 701 1689 739 1752; x_wconf 94' lang='grc' dir='ltr'>Β.</span> <span class='ocrx_word' id='word_1_122' title='bbox 753 1684 845 1753; x_wconf 81' lang='lat' dir='ltr'>Pauli</span> <span class='ocrx_word' id='word_1_123' title='bbox 856 1690 889 1754; x_wconf 90' lang='lat' dir='ltr'>in</span> <span class='ocrx_word' id='word_1_124' title='bbox 902 1689 961 1774; x_wconf 85' lang='lat' dir='ltr'>Ep.</span> <span class='ocrx_word' id='word_1_125' title='bbox 980 1709 992 1752; x_wconf 91' lang='lat'>1</span> <span class='ocrx_word' id='word_1_126' title='bbox 1009 1691 1051 1754; x_wconf 85' lang='lat' dir='ltr'>ed</span> <span class='ocrx_word' id='word_1_127' title='bbox 1066 1689 1149 1753; x_wconf 83' lang='lat' dir='ltr'>Tim.</span> <span class='ocrx_word' id='word_1_128' title='bbox 1160 1689 1203 1753; x_wconf 93' lang='lat' dir='ltr'>iii.</span> <span class='ocrx_word' id='word_1_129' title='bbox 1217 1694 1248 1752; x_wconf 87' lang='lat'>8.</span> 
     </span>
     <span class='ocr_line' id='line_1_15' title="bbox 200 1774 1249 1861; baseline 0 -24"><span class='ocrx_word' id='word_1_130' title='bbox 200 1795 297 1858; x_wconf 90' lang='lat' dir='ltr'>quem</span> <span class='ocrx_word' id='word_1_131' title='bbox 316 1777 492 1857; x_wconf 77' lang='grc' dir='ltr'>δίγλωσσοι,</span> <span class='ocrx_word' id='word_1_132' title='bbox 508 1774 593 1859; x_wconf 77' lang='grc' dir='ltr'>κριοῦ</span> <span class='ocrx_word' id='word_1_133' title='bbox 615 1774 737 1839; x_wconf 84' lang='lat' dir='ltr'>hebent</span> <span class='ocrx_word' id='word_1_134' title='bbox 755 1775 828 1839; x_wconf 88' lang='lat' dir='ltr'>libri</span> <span class='ocrx_word' id='word_1_135' title='bbox 847 1775 1003 1861; x_wconf 77' lang='lat' dir='ltr'><strong>impressi.</strong></span> <span class='ocrx_word' id='word_1_136' title='bbox 1039 1776 1121 1840; x_wconf 84' lang='lat' dir='ltr'>Haee</span> <span class='ocrx_word' id='word_1_137' title='bbox 1135 1775 1158 1840; x_wconf 85' lang='lat' dir='ltr'>J</span> <span class='ocrx_word' id='word_1_138' title='bbox 1161 1797 1249 1839; x_wconf 75' lang='lat' dir='ltr'>mon</span> 
     </span>
     <span class='ocr_line' id='line_1_16' title="bbox 199 1859 1249 1946; baseline 0.003 -25"><span class='ocrx_word' id='word_1_139' title='bbox 199 1881 305 1939; x_wconf 66' lang='lat' dir='ltr'>sonus·</span> <span class='ocrx_word' id='word_1_140' title='bbox 323 1879 417 1945; x_wconf 87' lang='lat' dir='ltr'>quem</span> <span class='ocrx_word' id='word_1_141' title='bbox 437 1861 470 1923; x_wconf 84' lang='lat' dir='ltr'>in</span> <span class='ocrx_word' id='word_1_142' title='bbox 493 1859 628 1924; x_wconf 79' lang='lat' dir='ltr'>leotione</span> <span class='ocrx_word' id='word_1_143' title='bbox 643 1861 786 1924; x_wconf 87' lang='lat' dir='ltr'>oodienm</span> <span class='ocrx_word' id='word_1_144' title='bbox 803 1861 900 1926; x_wconf 89' lang='lat' dir='ltr'>MSS.</span> <span class='ocrx_word' id='word_1_145' title='bbox 917 1861 1097 1946; x_wconf 80' lang='lat' dir='ltr'>reeipiendn</span> <span class='ocrx_word' id='word_1_146' title='bbox 1123 1869 1249 1926; x_wconf 81' lang='lat' dir='ltr'>seoutus</span> 
     </span>
     <span class='ocr_line' id='line_1_17' title="bbox 199 1967 280 2010; baseline 0 -1"><span class='ocrx_word' id='word_1_147' title='bbox 199 1967 280 2010; x_wconf 86' lang='lat' dir='ltr'>snm.</span> 
     </span>
    </p>

    <p class='ocr_par' dir='ltr' id='par_1_5' title="bbox 198 2031 1249 2202">
     <span class='ocr_line' id='line_1_18' title="bbox 246 2031 1249 2118; baseline 0.004 -24"><span class='ocrx_word' id='word_1_148' title='bbox 246 2031 283 2096; x_wconf 92' lang='lat' dir='ltr'>P.</span> <span class='ocrx_word' id='word_1_149' title='bbox 300 2052 349 2112; x_wconf 88' lang='lat'>14.</span> <span class='ocrx_word' id='word_1_150' title='bbox 365 2033 385 2098; x_wconf 86' lang='lat' dir='ltr'>i.</span> <span class='ocrx_word' id='word_1_151' title='bbox 404 2053 431 2096; x_wconf 87' lang='lat' dir='ltr'>r.</span> <span class='ocrx_word' id='word_1_152' title='bbox 453 2033 588 2116; x_wconf 76' lang='grc' dir='ltr'>ἐγένετο]</span> <span class='ocrx_word' id='word_1_153' title='bbox 615 2031 688 2096; x_wconf 91' lang='grc' dir='ltr'>Ηοο</span> <span class='ocrx_word' id='word_1_154' title='bbox 703 2050 762 2117; x_wconf 92' lang='lat' dir='ltr'>pro</span> <span class='ocrx_word' id='word_1_155' title='bbox 785 2034 900 2114; x_wconf 79' lang='grc' dir='ltr'>ἐγίνετο</span> <span class='ocrx_word' id='word_1_156' title='bbox 916 2055 955 2096; x_wconf 82' lang='lat' dir='ltr'>ex</span> <span class='ocrx_word' id='word_1_157' title='bbox 971 2034 1063 2097; x_wconf 88' lang='lat' dir='ltr'>eodd.</span> <span class='ocrx_word' id='word_1_158' title='bbox 1080 2034 1145 2097; x_wconf 88' lang='lat' dir='ltr'>suis</span> <span class='ocrx_word' id='word_1_159' title='bbox 1160 2055 1249 2118; x_wconf 73' lang='lat' dir='ltr'>repo</span> 
     </span>
     <span class='ocr_line' id='line_1_19' title="bbox 198 2118 837 2202; baseline -0.002 -21"><span class='ocrx_word' id='word_1_160' title='bbox 198 2118 265 2182; x_wconf 86' lang='lat' dir='ltr'>snit</span> <span class='ocrx_word' id='word_1_161' title='bbox 278 2118 302 2181; x_wconf 90' lang='lat' dir='ltr'><strong>J</strong></span> <span class='ocrx_word' id='word_1_162' title='bbox 303 2119 489 2197; x_wconf 81' lang='lat' dir='ltr'>eoebsonus,</span> <span class='ocrx_word' id='word_1_163' title='bbox 506 2139 599 2202; x_wconf 90' lang='lat' dir='ltr'>quem</span> <span class='ocrx_word' id='word_1_164' title='bbox 615 2126 742 2182; x_wconf 75' lang='lat' dir='ltr'>secutus</span> <span class='ocrx_word' id='word_1_165' title='bbox 757 2139 837 2182; x_wconf 87' lang='lat' dir='ltr'>sum.</span> 
     </span>
    </p>

    <p class='ocr_par' dir='ltr' id='par_1_6' title="bbox 199 2202 1250 2609">
     <span class='ocr_line' id='line_1_20' title="bbox 245 2202 1249 2292; baseline 0.003 -26"><span class='ocrx_word' id='word_1_166' title='bbox 245 2203 284 2267; x_wconf 93' lang='lat' dir='ltr'>P.</span> <span class='ocrx_word' id='word_1_167' title='bbox 303 2225 352 2284; x_wconf 86' lang='lat'>14.</span> <span class='ocrx_word' id='word_1_168' title='bbox 370 2205 391 2269; x_wconf 95' lang='lat' dir='ltr'>l.</span> <span class='ocrx_word' id='word_1_169' title='bbox 403 2221 433 2290; x_wconf 87' lang='lat'>5.</span> <span class='ocrx_word' id='word_1_170' title='bbox 451 2207 498 2269; x_wconf 83' lang='grc' dir='ltr'>καὶ</span> <span class='ocrx_word' id='word_1_171' title='bbox 515 2202 822 2292; x_wconf 73' lang='grc' dir='ltr'>συμβασιλεύσομεν]</span> <span class='ocrx_word' id='word_1_172' title='bbox 847 2203 1030 2290; x_wconf 70' lang='lat' dir='ltr'>legendnm</span> <span class='ocrx_word' id='word_1_173' title='bbox 1042 2205 1167 2269; x_wconf 87' lang='lat' dir='ltr'>videtur</span> <span class='ocrx_word' id='word_1_174' title='bbox 1178 2225 1249 2269; x_wconf 87' lang='lat' dir='ltr'>oum</span> 
     </span>
     <span class='ocr_line' id='line_1_21' title="bbox 202 2289 1250 2376; baseline 0.006 -26"><span class='ocrx_word' id='word_1_175' title='bbox 202 2289 244 2353; x_wconf 89' lang='lat' dir='ltr'>V.</span> <span class='ocrx_word' id='word_1_176' title='bbox 259 2290 285 2352; x_wconf 95' lang='grc' dir='ltr'>Ι.</span> <span class='ocrx_word' id='word_1_177' title='bbox 313 2293 361 2354; x_wconf 80' lang='grc' dir='ltr'>καὶ</span> <span class='ocrx_word' id='word_1_178' title='bbox 387 2292 683 2370; x_wconf 85' lang='grc' dir='ltr'>συμβασιλεύσομεν,</span> <span class='ocrx_word' id='word_1_179' title='bbox 710 2297 749 2354; x_wconf 74' lang='grc' dir='ltr'>αθ</span> <span class='ocrx_word' id='word_1_180' title='bbox 772 2298 848 2355; x_wconf 74' lang='lat' dir='ltr'>ante</span> <span class='ocrx_word' id='word_1_181' title='bbox 877 2291 1031 2376; x_wconf 75' lang='lat' dir='ltr'>seriptum</span> <span class='ocrx_word' id='word_1_182' title='bbox 1061 2299 1111 2356; x_wconf 71' lang='lat' dir='ltr'>est</span> <span class='ocrx_word' id='word_1_183' title='bbox 1137 2293 1250 2371; x_wconf 78' lang='grc' dir='ltr'>ἀπολη-</span> 
     </span>
     <span class='ocr_line' id='line_1_22' title="bbox 199 2375 1247 2458; baseline 0.002 -19"><span class='ocrx_word' id='word_1_184' title='bbox 199 2378 333 2458; x_wconf 60' lang='lat' dir='ltr'>pteron.</span> <span class='ocrx_word' id='word_1_185' title='bbox 374 2376 446 2442; x_wconf 88' lang='grc' dir='ltr'>Ηοο</span> <span class='ocrx_word' id='word_1_186' title='bbox 462 2376 537 2441; x_wconf 88' lang='lat' dir='ltr'>olim</span> <span class='ocrx_word' id='word_1_187' title='bbox 553 2375 712 2441; x_wconf 74' lang='lat' dir='ltr'><strong>annotavi.</strong></span> <span class='ocrx_word' id='word_1_188' title='bbox 748 2376 840 2440; x_wconf 88' lang='lat' dir='ltr'>Nune</span> <span class='ocrx_word' id='word_1_189' title='bbox 855 2385 964 2442; x_wconf 83' lang='lat' dir='ltr'>monet</span> <span class='ocrx_word' id='word_1_190' title='bbox 979 2378 1018 2441; x_wconf 90' lang='lat' dir='ltr'>ol.</span> <span class='ocrx_word' id='word_1_191' title='bbox 1034 2377 1058 2440; x_wconf 90' lang='lat' dir='ltr'><strong>J</strong></span> <span class='ocrx_word' id='word_1_192' title='bbox 1060 2377 1247 2452; x_wconf 84' lang='lat' dir='ltr'>oeobsonns‚</span> 
     </span>
     <span class='ocr_line' id='line_1_23' title="bbox 200 2461 1249 2609; baseline 0.002 -85"><span class='ocrx_word' id='word_1_193' title='bbox 200 2461 246 2609; x_wconf 51' lang='grc' dir='ltr'>ἶίγσ</span> <span class='ocrx_word' id='word_1_194' title='bbox 261 2462 321 2547; x_wconf 82' lang='lat' dir='ltr'>legi</span> <span class='ocrx_word' id='word_1_195' title='bbox 336 2462 369 2526; x_wconf 94' lang='lat' dir='ltr'>in</span> <span class='ocrx_word' id='word_1_196' title='bbox 384 2464 475 2528; x_wconf 86' lang='lat' dir='ltr'>eodd.</span> <span class='ocrx_word' id='word_1_197' title='bbox 494 2462 591 2526; x_wconf 82' lang='lat' dir='ltr'>Laur.</span> <span class='ocrx_word' id='word_1_198' title='bbox 606 2467 676 2546; x_wconf 91' lang='lat' dir='ltr'>(seu</span> <span class='ocrx_word' id='word_1_199' title='bbox 694 2462 799 2543; x_wconf 87' lang='lat' dir='ltr'>Flor.)</span> <span class='ocrx_word' id='word_1_200' title='bbox 812 2469 846 2527; x_wconf 87' lang='lat' dir='ltr'>et</span> <span class='ocrx_word' id='word_1_201' title='bbox 857 2463 960 2528; x_wconf 77' lang='lat' dir='ltr'>Poris.</span> <span class='ocrx_word' id='word_1_202' title='bbox 977 2464 1115 2528; x_wconf 74' lang='lat' dir='ltr'>alterum</span> <span class='ocrx_word' id='word_1_203' title='bbox 1130 2464 1249 2528; x_wconf 88' lang='lat' dir='ltr'>veroin</span> 
     </span>
    </p>

    <p class='ocr_par' dir='ltr' id='par_1_7' title="bbox 235 2548 373 2612">
     <span class='ocr_line' id='line_1_24' title="bbox 235 2548 373 2612; baseline -0.007 0"><span class='ocrx_word' id='word_1_204' title='bbox 235 2548 373 2612; x_wconf 79' lang='lat' dir='ltr'>etioeno.</span> 
     </span>
    </p>

    <p class='ocr_par' dir='ltr' id='par_1_8' title="bbox 199 2634 1249 2978">
     <span class='ocr_line' id='line_1_25' title="bbox 246 2634 1246 2720; baseline 0.001 -24"><span class='ocrx_word' id='word_1_205' title='bbox 246 2634 326 2697; x_wconf 89' lang='lat' dir='ltr'><strong>Ibid.</strong></span> <span class='ocrx_word' id='word_1_206' title='bbox 336 2634 356 2698; x_wconf 89' lang='lat' dir='ltr'>l.</span> <span class='ocrx_word' id='word_1_207' title='bbox 370 2655 401 2719; x_wconf 91' lang='lat'>9.</span> <span class='ocrx_word' id='word_1_208' title='bbox 416 2635 450 2698; x_wconf 81' lang='grc' dir='ltr'>τὸ</span> <span class='ocrx_word' id='word_1_209' title='bbox 466 2636 687 2698; x_wconf 78' lang='grc' dir='ltr'>ἀνακόπτεσθαι</span> <span class='ocrx_word' id='word_1_210' title='bbox 702 2639 761 2698; x_wconf 80' lang='grc' dir='ltr'>τῶν</span> <span class='ocrx_word' id='word_1_211' title='bbox 776 2636 936 2713; x_wconf 72' lang='grc' dir='ltr'>ἐπιθυμιῶν</span> <span class='ocrx_word' id='word_1_212' title='bbox 951 2640 1010 2698; x_wconf 82' lang='grc' dir='ltr'>τῶν</span> <span class='ocrx_word' id='word_1_213' title='bbox 1025 2637 1059 2698; x_wconf 74' lang='grc' dir='ltr'>ἑν</span> <span class='ocrx_word' id='word_1_214' title='bbox 1073 2660 1113 2720; x_wconf 82' lang='grc' dir='ltr'>τιρ</span> <span class='ocrx_word' id='word_1_215' title='bbox 1130 2637 1246 2720; x_wconf 77' lang='grc' dir='ltr'>κοσμῷ]</span> 
     </span>
     <span class='ocr_line' id='line_1_26' title="bbox 199 2717 1249 2805; baseline 0.002 -23"><span class='ocrx_word' id='word_1_216' title='bbox 199 2717 440 2784; x_wconf 85' lang='grc' dir='ltr'>Ἀνακόπτεσθαι</span> <span class='ocrx_word' id='word_1_217' title='bbox 453 2742 512 2804; x_wconf 85' lang='grc' dir='ltr'>ρτο</span> <span class='ocrx_word' id='word_1_218' title='bbox 527 2721 748 2784; x_wconf 76' lang='grc' dir='ltr'>ἀνακύπτεσθαι</span> <span class='ocrx_word' id='word_1_219' title='bbox 762 2741 802 2783; x_wconf 85' lang='lat' dir='ltr'>ex</span> <span class='ocrx_word' id='word_1_220' title='bbox 813 2719 973 2784; x_wconf 85' lang='lat' dir='ltr'>oodieibus</span> <span class='ocrx_word' id='word_1_221' title='bbox 984 2720 1049 2784; x_wconf 88' lang='lat' dir='ltr'>suis</span> <span class='ocrx_word' id='word_1_222' title='bbox 1060 2727 1158 2805; x_wconf 80' lang='lat' dir='ltr'>etque</span> <span class='ocrx_word' id='word_1_223' title='bbox 1173 2742 1249 2784; x_wconf 91' lang='lat' dir='ltr'>non-</span> 
     </span>
     <span class='ocr_line' id='line_1_27' title="bbox 201 2805 1249 2891; baseline 0.002 -23"><span class='ocrx_word' id='word_1_224' title='bbox 201 2805 294 2869; x_wconf 79' lang='lat' dir='ltr'>nullis</span> <span class='ocrx_word' id='word_1_225' title='bbox 308 2805 501 2871; x_wconf 78' lang='lat' dir='ltr'>editionibus</span> <span class='ocrx_word' id='word_1_226' title='bbox 515 2812 721 2890; x_wconf 76' lang='lat' dir='ltr'>reponentem</span> <span class='ocrx_word' id='word_1_227' title='bbox 734 2805 773 2869; x_wconf 88' lang='lat' dir='ltr'>ol.</span> <span class='ocrx_word' id='word_1_228' title='bbox 789 2805 813 2868; x_wconf 90' lang='lat' dir='ltr'><strong>J</strong></span> <span class='ocrx_word' id='word_1_229' title='bbox 814 2805 1008 2870; x_wconf 78' lang='lat' dir='ltr'>eoobsonum</span> <span class='ocrx_word' id='word_1_230' title='bbox 1020 2827 1144 2891; x_wconf 88' lang='lat' dir='ltr'>sequor,</span> <span class='ocrx_word' id='word_1_231' title='bbox 1156 2807 1249 2871; x_wconf 86' lang='lat' dir='ltr'>simui</span> 
     </span>
     <span class='ocr_line' id='line_1_28' title="bbox 199 2891 1249 2978; baseline 0.001 -23"><span class='ocrx_word' id='word_1_232' title='bbox 199 2899 298 2976; x_wconf 80' lang='lat' dir='ltr'>etque</span> <span class='ocrx_word' id='word_1_233' title='bbox 317 2891 486 2957; x_wconf 82' lang='lat' dir='ltr'>mtioulum</span> <span class='ocrx_word' id='word_1_234' title='bbox 501 2896 560 2956; x_wconf 80' lang='grc' dir='ltr'>τῶν</span> <span class='ocrx_word' id='word_1_235' title='bbox 582 2897 655 2975; x_wconf 76' lang='lat' dir='ltr'>post</span> <span class='ocrx_word' id='word_1_236' title='bbox 676 2892 835 2971; x_wconf 70' lang='grc' dir='ltr'>ἐπιθυμιῶν</span> <span class='ocrx_word' id='word_1_237' title='bbox 855 2913 895 2956; x_wconf 83' lang='lat' dir='ltr'>ex</span> <span class='ocrx_word' id='word_1_238' title='bbox 917 2892 987 2956; x_wconf 86' lang='lat' dir='ltr'>eod.</span> <span class='ocrx_word' id='word_1_239' title='bbox 1005 2891 1085 2958; x_wconf 79' lang='lat' dir='ltr'>vae.</span> <span class='ocrx_word' id='word_1_240' title='bbox 1101 2893 1249 2978; x_wconf 82' lang='lat' dir='ltr'>edjioien-</span> 
     </span>
    </p>
   </div>
   <div class='ocr_carea' id='block_1_3' title="bbox 199 2999 1250 4586">
    <p class='ocr_par' dir='ltr' id='par_1_9' title="bbox 236 2999 279 3040">
     <span class='ocr_line' id='line_1_29' title="bbox 236 2999 279 3040; baseline 0 0"><span class='ocrx_word' id='word_1_241' title='bbox 236 2999 279 3040; x_wconf 90' lang='lat' dir='ltr'>m.</span> 
     </span>
    </p>

    <p class='ocr_par' dir='ltr' id='par_1_10' title="bbox 200 3061 1250 4180">
     <span class='ocr_line' id='line_1_30' title="bbox 244 3061 1249 3144; baseline 0 -17"><span class='ocrx_word' id='word_1_242' title='bbox 244 3061 327 3128; x_wconf 91' lang='lat' dir='ltr'>Ibid.</span> <span class='ocrx_word' id='word_1_243' title='bbox 353 3064 374 3128; x_wconf 89' lang='grc'>1.</span> <span class='ocrx_word' id='word_1_244' title='bbox 393 3083 443 3143; x_wconf 86' lang='grc'>14.</span> <span class='ocrx_word' id='word_1_245' title='bbox 466 3061 730 3142; x_wconf 70' lang='grc' dir='ltr'>ύποτασσομένονς</span> <span class='ocrx_word' id='word_1_246' title='bbox 755 3070 818 3132; x_wconf 80' lang='grc' dir='ltr'>τοῖς</span> <span class='ocrx_word' id='word_1_247' title='bbox 841 3063 1056 3144; x_wconf 70' lang='grc' dir='ltr'>πρεσβυτέροις</span> <span class='ocrx_word' id='word_1_248' title='bbox 1077 3065 1129 3127; x_wconf 84' lang='grc' dir='ltr'>καὶ·</span> <span class='ocrx_word' id='word_1_249' title='bbox 1152 3065 1249 3128; x_wconf 80' lang='grc' dir='ltr'>διακό-</span> 
     </span>
     <span class='ocr_line' id='line_1_31' title="bbox 201 3147 1247 3234; baseline -0.001 -22"><span class='ocrx_word' id='word_1_250' title='bbox 201 3147 280 3234; x_wconf 89' lang='grc' dir='ltr'>νοις]</span> <span class='ocrx_word' id='word_1_251' title='bbox 298 3149 406 3230; x_wconf 80' lang='lat' dir='ltr'>“Quis</span> <span class='ocrx_word' id='word_1_252' title='bbox 420 3148 529 3213; x_wconf 84' lang='lat' dir='ltr'>debit&#39;&#39;</span> <span class='ocrx_word' id='word_1_253' title='bbox 546 3147 608 3233; x_wconf 82' lang='lat' dir='ltr'>(ait</span> <span class='ocrx_word' id='word_1_254' title='bbox 623 3148 824 3228; x_wconf 81' lang='lat' dir='ltr'>Peersonins,</span> <span class='ocrx_word' id='word_1_255' title='bbox 849 3147 970 3213; x_wconf 68' lang='lat' dir='ltr'>Vindio.</span> <span class='ocrx_word' id='word_1_256' title='bbox 986 3151 1089 3233; x_wconf 77' lang='lat' dir='ltr'>[psat.</span> <span class='ocrx_word' id='word_1_257' title='bbox 1101 3156 1185 3234; x_wconf 85' lang='lat' dir='ltr'>pert.</span> <span class='ocrx_word' id='word_1_258' title='bbox 1204 3149 1247 3211; x_wconf 90' lang='lat'>11.</span> 
     </span>
     <span class='ocr_line' id='line_1_32' title="bbox 200 3233 1249 3382; baseline 0.001 -84"><span class='ocrx_word' id='word_1_259' title='bbox 200 3257 240 3298; x_wconf 84' lang='grc' dir='ltr'>αα</span> <span class='ocrx_word' id='word_1_260' title='bbox 264 3284 271 3298; x_wconf 95' lang='grc'><strong>.</strong></span> <span class='ocrx_word' id='word_1_261' title='bbox 292 3236 358 3319; x_wconf 84' lang='lat'><strong>13.)</strong></span> <span class='ocrx_word' id='word_1_262' title='bbox 381 3243 400 3271; x_wconf 86' lang='lat'><strong>“</strong></span> <span class='ocrx_word' id='word_1_263' title='bbox 412 3234 593 3382; x_wconf 68' lang='lat' dir='ltr'>episcopum</span> <span class='ocrx_word' id='word_1_264' title='bbox 613 3234 863 3319; x_wconf 80' lang='lat' dir='ltr'>Philippensium</span> <span class='ocrx_word' id='word_1_265' title='bbox 883 3241 960 3298; x_wconf 82' lang='lat' dir='ltr'>tuno</span> <span class='ocrx_word' id='word_1_266' title='bbox 983 3234 1015 3298; x_wconf 90' lang='lat' dir='ltr'>in</span> <span class='ocrx_word' id='word_1_267' title='bbox 1035 3234 1113 3298; x_wconf 85' lang='lat' dir='ltr'>vivis</span> <span class='ocrx_word' id='word_1_268' title='bbox 1132 3233 1249 3299; x_wconf 78' lang='lat' dir='ltr'>finisse!</span> 
     </span>
     <span class='ocr_line' id='line_1_33' title="bbox 201 3257 1250 3405; baseline 0 -21"><span class='ocrx_word' id='word_1_269' title='bbox 201 3329 223 3356; x_wconf 79' lang='lat'>‘⁶</span> <span class='ocrx_word' id='word_1_270' title='bbox 235 3257 313 3402; x_wconf 53' lang='lat' dir='ltr'>guis</span> <span class='ocrx_word' id='word_1_271' title='bbox 333 3319 501 3405; x_wconf 83' lang='lat' dir='ltr'>praestebit</span> <span class='ocrx_word' id='word_1_272' title='bbox 550 3319 741 3405; x_wconf 86' lang='lat' dir='ltr'>hilippenses</span> <span class='ocrx_word' id='word_1_273' title='bbox 755 3321 827 3385; x_wconf 91' lang='lat' dir='ltr'>ideo</span> <span class='ocrx_word' id='word_1_274' title='bbox 847 3341 867 3383; x_wconf 84' lang='grc' dir='ltr'>α</span> <span class='ocrx_word' id='word_1_275' title='bbox 889 3320 1066 3405; x_wconf 82' lang='lat' dir='ltr'>Polyoerpo</span> <span class='ocrx_word' id='word_1_276' title='bbox 1085 3320 1250 3384; x_wconf 88' lang='lat' dir='ltr'>eonsilium</span> 
     </span>
     <span class='ocr_line' id='line_1_34' title="bbox 201 3406 1249 3506; baseline 0.001 -37"><span class='ocrx_word' id='word_1_277' title='bbox 201 3415 222 3442; x_wconf 77' lang='lat'>‘⁶</span> <span class='ocrx_word' id='word_1_278' title='bbox 237 3427 301 3470; x_wconf 91' lang='lat' dir='ltr'>non</span> <span class='ocrx_word' id='word_1_279' title='bbox 320 3407 520 3492; x_wconf 77' lang='lat' dir='ltr'>efflagitasse,</span> <span class='ocrx_word' id='word_1_280' title='bbox 541 3407 627 3506; x_wconf 76' lang='lat' dir='ltr'>quod</span> <span class='ocrx_word' id='word_1_281' title='bbox 646 3413 723 3470; x_wconf 82' lang='lat' dir='ltr'>tune</span> <span class='ocrx_word' id='word_1_282' title='bbox 743 3407 897 3492; x_wconf 84' lang='lat' dir='ltr'>temporis</span> <span class='ocrx_word' id='word_1_283' title='bbox 916 3406 1064 3491; x_wconf 83' lang='lat' dir='ltr'>episeopo</span> <span class='ocrx_word' id='word_1_284' title='bbox 1083 3406 1143 3491; x_wconf 90' lang='lat' dir='ltr'>ipsi</span> <span class='ocrx_word' id='word_1_285' title='bbox 1164 3407 1249 3470; x_wconf 83' lang='lat' dir='ltr'>hsud</span> 
     </span>
     <span class='ocr_line' id='line_1_35' title="bbox 202 3491 1249 3578; baseline 0 -22"><span class='ocrx_word' id='word_1_286' title='bbox 202 3501 222 3528; x_wconf 90' lang='lat'>“</span> <span class='ocrx_word' id='word_1_287' title='bbox 233 3493 433 3578; x_wconf 70' lang='lat' dir='ltr'>potirentur?</span> <span class='ocrx_word' id='word_1_288' title='bbox 446 3491 612 3556; x_wconf 83' lang='lat' dir='ltr'>Iteemmi</span> <span class='ocrx_word' id='word_1_289' title='bbox 635 3513 669 3556; x_wconf 91' lang='lat' dir='ltr'>se</span> <span class='ocrx_word' id='word_1_290' title='bbox 680 3492 1041 3577; x_wconf 59' lang='lat' dir='ltr'>eoseiloquiturffotro,</span> <span class='ocrx_word' id='word_1_291' title='bbox 1053 3493 1249 3574; x_wconf 72' lang='grc' dir='ltr'>θδελφσὶρῦκ</span> 
     </span>
     <span class='ocr_line' id='line_1_36' title="bbox 202 3576 1247 3664; baseline -0.002 -22"><span class='ocrx_word' id='word_1_292' title='bbox 202 3589 223 3612; x_wconf 85' lang='grc'><strong>“</strong></span> <span class='ocrx_word' id='word_1_293' title='bbox 237 3581 352 3664; x_wconf 78' lang='grc' dir='ltr'>ἐμαυτῷ</span> <span class='ocrx_word' id='word_1_294' title='bbox 379 3577 584 3660; x_wconf 73' lang='grc' dir='ltr'>ἑπισρύψαςγ</span> <span class='ocrx_word' id='word_1_295' title='bbox 696 3579 766 3658; x_wconf 87' lang='grc' dir='ltr'>ῦμῖν</span> <span class='ocrx_word' id='word_1_296' title='bbox 788 3579 856 3661; x_wconf 78' lang='grc' dir='ltr'>περὶ</span> <span class='ocrx_word' id='word_1_297' title='bbox 879 3582 931 3657; x_wconf 81' lang='grc' dir='ltr'>τῆς</span> <span class='ocrx_word' id='word_1_298' title='bbox 955 3579 1153 3658; x_wconf 83' lang='grc' dir='ltr'>δικαιοσύνης·</span> <span class='ocrx_word' id='word_1_299' title='bbox 1178 3576 1247 3642; x_wconf 75' lang='grc' dir='ltr'>ἀλλ’</span> 
     </span>
     <span class='ocr_line' id='line_1_37' title="bbox 202 3663 1249 3748; baseline -0.001 -19"><span class='ocrx_word' id='word_1_300' title='bbox 202 3673 223 3701; x_wconf 91' lang='grc'>“</span> <span class='ocrx_word' id='word_1_301' title='bbox 235 3666 301 3729; x_wconf 73' lang='grc' dir='ltr'>ἐπεὶ</span> <span class='ocrx_word' id='word_1_302' title='bbox 314 3666 399 3744; x_wconf 85' lang='grc' dir='ltr'>ύρεῖς</span> <span class='ocrx_word' id='word_1_303' title='bbox 413 3663 661 3746; x_wconf 74' lang='grc' dir='ltr'>προεκαλύσεσθέ</span> <span class='ocrx_word' id='word_1_304' title='bbox 673 3689 721 3744; x_wconf 85' lang='grc' dir='ltr'>με.</span> <span class='ocrx_word' id='word_1_305' title='bbox 759 3665 837 3728; x_wconf 72' lang='grc' dir='ltr'>Πίσα</span> <span class='ocrx_word' id='word_1_306' title='bbox 851 3663 951 3742; x_wconf 74' lang='grc' dir='ltr'>σικύα,</span> <span class='ocrx_word' id='word_1_307' title='bbox 962 3665 1094 3748; x_wconf 69' lang='lat' dir='ltr'>fratres,</span> <span class='ocrx_word' id='word_1_308' title='bbox 1113 3685 1172 3728; x_wconf 75' lang='grc' dir='ltr'>τινα</span> <span class='ocrx_word' id='word_1_309' title='bbox 1186 3683 1249 3727; x_wconf 79' lang='grc' dir='ltr'>αισι</span> 
     </span>
     <span class='ocr_line' id='line_1_38' title="bbox 201 3749 1248 3836; baseline -0.001 -22"><span class='ocrx_word' id='word_1_310' title='bbox 201 3749 655 3834; x_wconf 65' lang='lat' dir='ltr'>“arbitriueobiedejustitio</span> <span class='ocrx_word' id='word_1_311' title='bbox 673 3749 1248 3836; x_wconf 62' lang='lat' dir='ltr'>seribesedpuedooeodmeprooo—</span> 
     </span>
     <span class='ocr_line' id='line_1_39' title="bbox 201 3836 1247 3936; baseline -0.003 -35"><span class='ocrx_word' id='word_1_312' title='bbox 201 3837 330 3901; x_wconf 70' lang='lat' dir='ltr'>“oanin</span> <span class='ocrx_word' id='word_1_313' title='bbox 357 3838 401 3920; x_wconf 64' lang='grc' dir='ltr'>(ξ.</span> <span class='ocrx_word' id='word_1_314' title='bbox 417 3837 466 3921; x_wconf 90' lang='lat'>3.)</span> <span class='ocrx_word' id='word_1_315' title='bbox 493 3836 526 3900; x_wconf 94' lang='lat' dir='ltr'>in</span> <span class='ocrx_word' id='word_1_316' title='bbox 552 3857 656 3912; x_wconf 74' lang='lat' dir='ltr'>eausa,</span> <span class='ocrx_word' id='word_1_317' title='bbox 684 3841 722 3899; x_wconf 81' lang='lat' dir='ltr'>ut</span> <span class='ocrx_word' id='word_1_318' title='bbox 747 3836 867 3936; x_wconf 84' lang='lat' dir='ltr'>opinor,</span> <span class='ocrx_word' id='word_1_319' title='bbox 892 3836 1040 3900; x_wconf 77' lang='lat' dir='ltr'>Veientis</span> <span class='ocrx_word' id='word_1_320' title='bbox 1060 3836 1247 3935; x_wconf 87' lang='lat' dir='ltr'>presbyteri,</span> 
     </span>
     <span class='ocr_line' id='line_1_40' title="bbox 202 3921 1248 4020; baseline -0.002 -34"><span class='ocrx_word' id='word_1_321' title='bbox 202 3929 329 4008; x_wconf 82' lang='lat' dir='ltr'>“quem</span> <span class='ocrx_word' id='word_1_322' title='bbox 347 3923 467 4006; x_wconf 88' lang='lat' dir='ltr'>judieio</span> <span class='ocrx_word' id='word_1_323' title='bbox 483 3921 650 4006; x_wconf 78' lang='lat' dir='ltr'>Poiyonrpi</span> <span class='ocrx_word' id='word_1_324' title='bbox 673 3923 912 4006; x_wconf 74' lang='lat' dir='ltr'>permittebant.</span> <span class='ocrx_word' id='word_1_325' title='bbox 956 3921 1038 3985; x_wconf 79' lang='grc' dir='ltr'>Ηεοο</span> <span class='ocrx_word' id='word_1_326' title='bbox 1060 3921 1157 4020; x_wconf 76' lang='lat' dir='ltr'>igitur</span> <span class='ocrx_word' id='word_1_327' title='bbox 1176 3941 1248 3985; x_wconf 89' lang='lat' dir='ltr'>eum</span> 
     </span>
     <span class='ocr_line' id='line_1_41' title="bbox 201 4007 1248 4108; baseline -0.001 -37"><span class='ocrx_word' id='word_1_328' title='bbox 201 4008 356 4072; x_wconf 75' lang='lat' dir='ltr'>“incerte</span> <span class='ocrx_word' id='word_1_329' title='bbox 379 4009 454 4086; x_wconf 84' lang='lat' dir='ltr'>sint,</span> <span class='ocrx_word' id='word_1_330' title='bbox 477 4007 554 4071; x_wconf 91' lang='lat' dir='ltr'>nihil</span> <span class='ocrx_word' id='word_1_331' title='bbox 580 4008 659 4072; x_wconf 89' lang='lat' dir='ltr'>oerti</span> <span class='ocrx_word' id='word_1_332' title='bbox 682 4027 722 4071; x_wconf 80' lang='lat' dir='ltr'>ex</span> <span class='ocrx_word' id='word_1_333' title='bbox 748 4029 892 4072; x_wconf 82' lang='lat' dir='ltr'>sermone</span> <span class='ocrx_word' id='word_1_334' title='bbox 918 4007 1088 4106; x_wconf 71' lang='lat' dir='ltr'>Polpoerpr</span> <span class='ocrx_word' id='word_1_335' title='bbox 1114 4009 1248 4108; x_wconf 83' lang='lat' dir='ltr'>proferri</span> 
     </span>
     <span class='ocr_line' id='line_1_42' title="bbox 202 4093 1134 4180; baseline -0.002 -22"><span class='ocrx_word' id='word_1_336' title='bbox 202 4102 221 4130; x_wconf 87' lang='lat'>“</span> <span class='ocrx_word' id='word_1_337' title='bbox 232 4094 369 4179; x_wconf 81' lang='lat' dir='ltr'>potest.&#39;&#39;</span> <span class='ocrx_word' id='word_1_338' title='bbox 394 4117 426 4180; x_wconf 89' lang='lat' dir='ltr'>p.</span> <span class='ocrx_word' id='word_1_339' title='bbox 443 4095 512 4158; x_wconf 87' lang='lat'>168.</span> <span class='ocrx_word' id='word_1_340' title='bbox 529 4093 578 4157; x_wconf 93' lang='lat' dir='ltr'>ed.</span> <span class='ocrx_word' id='word_1_341' title='bbox 595 4094 688 4159; x_wconf 81' lang='lat' dir='ltr'>Gent.</span> <span class='ocrx_word' id='word_1_342' title='bbox 701 4095 818 4158; x_wconf 76' lang='lat' dir='ltr'>Confer</span> <span class='ocrx_word' id='word_1_343' title='bbox 831 4095 926 4177; x_wconf 87' lang='lat' dir='ltr'>hujus</span> <span class='ocrx_word' id='word_1_344' title='bbox 940 4107 1032 4178; x_wconf 82' lang='lat' dir='ltr'>eprst.</span> <span class='ocrx_word' id='word_1_345' title='bbox 1051 4095 1080 4175; x_wconf 67' lang='grc' dir='ltr'>ξ.</span> <span class='ocrx_word' id='word_1_346' title='bbox 1093 4115 1134 4157; x_wconf 81' lang='lat' dir='ltr'>m.</span> 
     </span>
    </p>

    <p class='ocr_par' dir='ltr' id='par_1_11' title="bbox 199 4179 1249 4520">
     <span class='ocr_line' id='line_1_43' title="bbox 245 4179 1247 4264; baseline -0.001 -21"><span class='ocrx_word' id='word_1_347' title='bbox 245 4180 282 4243; x_wconf 92' lang='lat' dir='ltr'>P.</span> <span class='ocrx_word' id='word_1_348' title='bbox 299 4199 346 4264; x_wconf 85' lang='lat'>15.</span> <span class='ocrx_word' id='word_1_349' title='bbox 362 4181 382 4244; x_wconf 86' lang='lat' dir='ltr'>l.</span> <span class='ocrx_word' id='word_1_350' title='bbox 396 4200 423 4243; x_wconf 89' lang='lat'>1.</span> <span class='ocrx_word' id='word_1_351' title='bbox 440 4179 674 4262; x_wconf 68' lang='grc' dir='ltr'>ἐπιστρέφοντες</span> <span class='ocrx_word' id='word_1_352' title='bbox 687 4183 725 4243; x_wconf 76' lang='grc' dir='ltr'>τὰ</span> <span class='ocrx_word' id='word_1_353' title='bbox 736 4181 1023 4264; x_wconf 82' lang='grc' dir='ltr'>ἂποπεπλανηρένα]</span> <span class='ocrx_word' id='word_1_354' title='bbox 1051 4179 1247 4264; x_wconf 80' lang='lat' dir='ltr'>Oonjieiebet</span> 
     </span>
     <span class='ocr_line' id='line_1_44' title="bbox 200 4265 1247 4352; baseline 0.001 -24"><span class='ocrx_word' id='word_1_355' title='bbox 200 4266 367 4352; x_wconf 82' lang='lat' dir='ltr'>legendum</span> <span class='ocrx_word' id='word_1_356' title='bbox 387 4267 455 4332; x_wconf 77' lang='grc' dir='ltr'>τοὺς</span> <span class='ocrx_word' id='word_1_357' title='bbox 475 4265 783 4345; x_wconf 73' lang='grc' dir='ltr'>ἀποπεπλανημένονς</span> <span class='ocrx_word' id='word_1_358' title='bbox 806 4266 966 4330; x_wconf 75' lang='lat' dir='ltr'>Patricius</span> <span class='ocrx_word' id='word_1_359' title='bbox 991 4265 1118 4329; x_wconf 88' lang='lat' dir='ltr'>Junius.</span> <span class='ocrx_word' id='word_1_360' title='bbox 1158 4265 1247 4329; x_wconf 83' lang='lat' dir='ltr'>Inve-</span> 
     </span>
     <span class='ocr_line' id='line_1_45' title="bbox 199 4350 1249 4436; baseline 0.001 -20"><span class='ocrx_word' id='word_1_361' title='bbox 199 4353 283 4417; x_wconf 87' lang='lat' dir='ltr'>nisse</span> <span class='ocrx_word' id='word_1_362' title='bbox 310 4353 415 4416; x_wconf 86' lang='lat' dir='ltr'>Vetus</span> <span class='ocrx_word' id='word_1_363' title='bbox 442 4352 604 4436; x_wconf 79' lang='lat' dir='ltr'>interpres</span> <span class='ocrx_word' id='word_1_364' title='bbox 630 4351 755 4416; x_wconf 83' lang='lat' dir='ltr'>videtur</span> <span class='ocrx_word' id='word_1_365' title='bbox 779 4350 894 4420; x_wconf 82' lang='grc' dir='ltr'>πάντας</span> <span class='ocrx_word' id='word_1_366' title='bbox 923 4352 1156 4434; x_wconf 77' lang='grc' dir='ltr'>ἐπιστρέφοντες</span> <span class='ocrx_word' id='word_1_367' title='bbox 1180 4353 1249 4417; x_wconf 75' lang='lat' dir='ltr'>wir</span> 
     </span>
     <span class='ocr_line' id='line_1_46' title="bbox 201 4435 1010 4520; baseline 0 -18"><span class='ocrx_word' id='word_1_368' title='bbox 201 4439 495 4520; x_wconf 72' lang='grc' dir='ltr'>ποπετλσνημένονς,</span> <span class='ocrx_word' id='word_1_369' title='bbox 511 4457 623 4502; x_wconf 82' lang='lat' dir='ltr'>omnes</span> <span class='ocrx_word' id='word_1_370' title='bbox 635 4435 674 4502; x_wconf 78' lang='grc' dir='ltr'>σύ</span> <span class='ocrx_word' id='word_1_371' title='bbox 687 4457 788 4502; x_wconf 72' lang='lat' dir='ltr'>more</span> <span class='ocrx_word' id='word_1_372' title='bbox 802 4447 1010 4504; x_wconf 69' lang='lat' dir='ltr'>mmmm.</span> 
     </span>
    </p>

    <p class='ocr_par' dir='ltr' id='par_1_12' title="bbox 714 4545 734 4586">
     <span class='ocr_line' id='line_1_47' title="bbox 714 4545 734 4586; baseline 0 0"><span class='ocrx_word' id='word_1_373' title='bbox 714 4545 734 4586; x_wconf 86' lang='lat' dir='ltr'>s</span> 
     </span>
    </p>
   </div>
   <div class='ocr_carea' id='block_1_4' title="bbox 0 0 1660 5224">
    <p class='ocr_par' dir='ltr' id='par_1_13' title="bbox 0 0 1660 5224">
     <span class='ocr_line' id='line_1_48' title="bbox 0 0 1660 5224; baseline 0 0"><span class='ocrx_word' id='word_1_374' title='bbox 0 0 1660 5224; x_wconf 95' lang='lat' dir='ltr'> </span> 
     </span>
    </p>
   </div>
  </div>
 </body>
</html>
