3294 5192
419 456 484 526 376
836 457 1054 520 CANONES

418 630 534 728 μένοις
573 634 754 730 Καθαροῖς
788 631 994 724 ἐπίσκοπος,
1032 627 1098 726 τὴν
1128 637 1192 707 τοῦ
1226 628 1475 732 πρεσβυτέρου

419 755 525 856 τιμὴν
542 755 623 862 ἕξει.
653 756 753 856 πλὴν
776 761 805 835 εἰ
830 755 881 855 μὴ
906 756 976 859 ἀρα
994 757 1113 846 δοκοίη
1133 763 1184 861 τῷ
1205 755 1391 864 ἐπισκόπῳ
1408 761 1474 854 τῆς

418 888 523 982 τιμῆς
539 892 603 963 τοῦ
623 881 796 982 ὀνόματος
814 881 922 963 αὐτὸν
940 883 1110 988 μετέχειν.
1141 889 1170 960 εἱ
1189 883 1227 963 δὲ
1251 891 1358 963 τοῦτο
1375 884 1472 989 αὐτῷ

418 1009 468 1110 μὴ
486 1010 644 1112 ἀρέσκοι,
663 1009 843 1110 ἐπινοήσει
860 1009 972 1089 τόπον
990 1008 1012 1110 ἦ
1028 1007 1304 1115 χωρστισκόπου
1320 1007 1471 1112 ἢπρεσ-

417 1137 568 1240 βυτέρου
587 1135 674 1240 ὑπὲρ
692 1145 756 1216 τοῦ
774 1139 880 1244 ἐντῷ
898 1136 1022 1243 κλήρῳ
1040 1135 1136 1221 ὅλως
1164 1139 1279 1216 δοκεῖν
1296 1133 1393 1234 εἶναι,
1411 1139 1501 1217 inas

417 1262 467 1364 μὴ
485 1267 523 1343 ἐν
541 1271 586 1370 τῇ
603 1261 708 1344 πόλει
727 1263 790 1343 δύο
808 1264 998 1345 ε’πότκοποι
1016 1261 1117 1345 ὦσιν.

798 1490 1003 1565 ΚΑΝΩΝ
1037 1490 1084 1564 Θ.

475 1645 523 1726 Εἴ
538 1679 628 1729 τινες
646 1643 892 1751 ἀνεξετάστως
914 1641 1154 1747 προήχθησαν
1178 1641 1427 1746 πρεσβύτεροι,
1445 1642 1469 1743 ἢ

418 1770 683 1876 ἀνακρινόμενοι
719 1768 964 1872 ὡμολόγησαν
995 1770 1042 1849 τὰ
1074 1768 1304 1872 ἡμαρτήμενα
1337 1770 1467 1866 αὐτοῖς,

418 1904 476 1980 καὶ
507 1898 814 2003 ὁμολογησάντων
838 1899 955 1977 αὐτῶν
985 1895 1086 2001 παρά
1113 1895 1244 1977 κανόνα
1270 1898 1468 1998 κινούμενοι
1483 1917 1518 1956 ¹0

416 2033 449 2108 οἱ
467 2027 661 2130 ἀνθρωποι,
678 2033 752 2110 τοῖς
775 2024 947 2108 τοιούτοις
971 2033 1073 2129 χεῖρα
1095 2026 1343 2104 ἐπιτεθείκασι.
1376 2024 1460 2104 τού-

416 2188 499 2240 τους
518 2157 538 2233 ὁ
556 2153 674 2235 κανων
696 2154 738 2233 οὐ
761 2154 959 2253 προσίεται.
982 2150 1025 2231 τδ
1050 2150 1122 2255 γὰρ
1144 2151 1387 2252 ἀνεπίληπτον
1405 2155 1465 2232 ἐκ·

417 2281 543 2380 δικεῖὴ
562 2278 736 2379 καθολικὴ
755 2279 940 2379 ἐκκλησία.

808 2504 1009 2579 ΚΑΝΩΝ
1043 2502 1072 2577 Ι.

465 2655 581 2738 Ὅσοι
597 2660 925 2764 προεχειρίσθησαν
939 2664 1012 2738 τῶν
1025 2654 1360 2760 παραπεπτωκότων
1372 2654 1466 2736 κατὰ
1480 2689 1513 2748 ¹⁵

349 2779 354 2790 ’
416 2787 574 2888 ἄγνοιαν,
611 2781 634 2884 ἢ
672 2789 731 2866 καὶ
765 2784 982 2889 προειδότων
1017 2791 1091 2864 τῶν
1126 2783 1465 2889 προχειρισαμένων,

415 2923 521 2995 τοῦτο
552 2914 593 2993 οὐ
624 2913 802 3016 προκρίνει
834 2917 886 3019 τῷ
919 2910 1040 2991 κανόνι
1070 2917 1122 3019 τῷ
1159 2913 1459 3016 ἐκκλησιαστυιῷ.

413 3041 635 3143 γνωσθέντες
653 3039 725 3144 γάρ
740 3046 999 3142 καθαιροῦντα.

415 3268 465 3346 qui
477 3268 644 3325 nominetur
656 3265 733 3344 apud
745 3285 794 3323 eon
805 3265 916 3344 episco·
958 3265 1184 3336 discuterentur,
1199 3277 1316 3344 peccato
1326 3285 1378 3325 suc
1390 3285 1461 3324 con·

416 3367 480 3426 pus,
501 3347 638 3406 honorem
662 3345 833 3424 presbyterii
851 3365 917 3422 poe·
958 3346 1025 3404 fessi
1047 3357 1125 3415 eunt,
1147 3357 1178 3406 et
1197 3347 1338 3412 hominen,
1361 3357 1462 3404 contre

416 3427 532 3493 uidebit,
547 3427 603 3485 nisi
617 3428 694 3484 forte
705 3425 846 3503 placuerit
858 3425 918 3503 epi·
958 3445 1082 3484 canones
1101 3427 1247 3495 commoti,
1269 3446 1372 3485 manue
1391 3445 1460 3484 con·

415 3527 502 3586 scopo
514 3506 639 3565 nominis
649 3525 716 3563 eum
730 3506 839 3562 honore
847 3525 916 3563 cen·
958 3507 1043 3565 fessis
1078 3507 1117 3563 im
1159 3527 1228 3565 nere
1261 3516 1461 3572 tentaverunt,

415 3587 481 3645 seri.
524 3585 556 3644 Si
579 3606 646 3644 vero
667 3585 722 3643 hoc
746 3585 773 3642 ei
797 3585 917 3644 minime
958 3585 1031 3644 tolee
1045 3527 1218 3664 regulionon
1236 3586 1376 3652 admittit,
1391 3587 1462 3662 quio

415 3667 566 3746 placuerit,
578 3665 739 3745 providebit
750 3665 777 3723 ei
791 3675 843 3722 eut
852 3685 916 3723 cor·
958 3665 1037 3743 quod
1059 3666 1315 3746 inreprehensibile
1335 3676 1389 3733 ert,
1413 3685 1460 3724 ce·

415 3747 600 3825 episcopatus
617 3756 668 3804 aut
686 3745 858 3824 presbyterii
875 3745 917 3803 lo.
958 3745 1067 3805 tholicc
1081 3745 1214 3806 defendit
1227 3745 1355 3806 ecclesio.

415 3846 491 3893 curn,
511 3837 545 3884 ut
566 3826 595 3883 in
617 3824 694 3882 clero
715 3845 833 3903 prorsus
854 3845 917 3883 esee

415 3905 566 3966 videntur:
597 3925 634 3963 ne
657 3905 688 3961 in
713 3925 771 3963 una
798 3905 916 3964 civitate
1094 3875 1247 3934 CANON
1268 3874 1307 3932 x·

415 3986 474 4044 duo
501 3986 628 4065 episcopi
656 3985 815 4062 probentur
842 3986 916 4043 exis·
998 3980 1175 4057 Quicunque
1191 3979 1228 4037 de
1248 3978 1337 4058 lapsis
1357 3977 1394 4037 nd
1414 3999 1461 4036 or-

415 4079 486 4125 tere.
957 4060 1054 4118 dinem
1064 4059 1133 4118 cleri
1143 4059 1267 4137 promoti
1277 4058 1460 4138 euntperig.

548 4195 699 4254 CAN0N
722 4193 780 4254 1³1·
958 4138 1461 4279 ttttttrtltff'tlttttt

458 4300 490 4358 si
511 4301 561 4376 qui
583 4300 744 4378 presbyteri
766 4301 828 4358 sine
849 4319 918 4357 exc-
958 4301 1054 4359 astice
1073 4319 1132 4358 non
1153 4297 1323 4377 prejudicat
1341 4301 1460 4377 regule,

415 4381 494 4442 mine
515 4389 584 4437 eunt
605 4380 744 4458 provecti,
766 4380 824 4448 vel,
851 4399 916 4438 cnm
958 4380 1067 4456 cogniti
1082 4378 1408 4456 nemquedeponontur.
