3294 5192
331 495 382 558 IN
406 495 625 560 CANONES
648 495 832 560 NICAENI
857 495 1085 563 CONCILII.
1184 500 1247 564 405

198 663 326 729 clesicm
347 664 526 731 Romanum
550 687 674 752 semper
698 665 847 731 hebuisse
870 667 1042 753 primatum
1068 667 1100 732 in
1126 669 1247 735 ditione

199 771 266 826 sue,
282 749 372 834 cujus
390 751 433 814 od
448 751 635 837 exemplum,
651 773 717 830 seu,
731 752 875 816 &militer
888 763 988 817 actm
1002 763 1030 817 et
1046 755 1157 838 (verbe
1171 763 1247 820 sunt

198 833 397 919 interpretis)
421 836 455 899 io
474 837 578 900 oderis
594 837 764 922 procincib
780 839 937 922 primatus
962 840 1166 923 (primulum)
1192 841 1246 904 lu·

198 917 284 984 lcum
298 921 427 984 ccclesia
440 921 598 985 ciminium
613 922 806 1006 ampliemur.
826 945 857 1008 p.
867 925 943 1007 568.

242 1005 281 1068 P.
286 1020 359 1089 374.
375 1006 395 1069 l.
401 1026 432 1090 3.
443 1006 497 1071 τὸν
507 1011 559 1085 τῆς
567 1005 798 1088 Ἀλεξανδρείας
808 1010 986 1094 ἐπίσκοπον]
1002 1008 1134 1074 Habent
1144 1011 1245 1076 Oano-

197 1111 274 1153 num
289 1090 496 1156 collectiones
510 1092 575 1156 iere
590 1113 699 1156 omnes
713 1099 807 1156 extre
821 1093 969 1171 Concilio,
986 1095 1040 1158 τὸν
1055 1098 1089 1159 ἐν
1102 1095 1247 1175 Ἀλεξαν-

197 1179 279 1260 δρεία
294 1178 467 1251 ἐπίσκοπον,
483 1177 565 1241 sicut
580 1176 664 1240 inire
677 1181 716 1262 τῷ
732 1180 767 1240 ἐν
781 1183 816 1264 τῇ
830 1175 926 1264 Ῥώμῃ
942 1182 1104 1264 ἐπισκόπῳ.
1144 1181 1197 1246 Ite
1211 1187 1245 1246 el

197 1259 230 1323 in
250 1283 370 1326 conone
391 1261 534 1346 proxime
554 1270 706 1347 sequente
727 1269 819 1328 extet
840 1263 894 1327 τὸν
909 1266 943 1327 ἐν
958 1265 1048 1348 Aule
1069 1267 1243 1331 ἐπίσκοπον.

197 1343 289 1409 Idem
310 1346 394 1410 enim
415 1348 522 1412 velent
543 1348 577 1411 hi
591 1347 685 1412 tituli.
730 1347 912 1412 Articulum
932 1353 982 1426 τῆς
1002 1356 1079 1413 unte
1102 1351 1245 1430 Ἀλεξαν-

200 1433 298 1512 δρείας
312 1431 439 1517 reposui
455 1455 494 1496 ex
509 1433 648 1498 editione
662 1433 803 1518 principe
818 1433 1037 1498 (lenciliorum.

242 1515 323 1580 lbid.
339 1517 358 1579 l.
371 1537 402 1598 4.
418 1519 519 1597 ἐπειδὴ
534 1519 583 1582 καὶ
597 1519 637 1603 τῷ
653 1520 687 1580 ἓν
702 1522 736 1604 τῇ
750 1517 847 1598 Ῥώμῃ
860 1521 1010 1604 ἑπισκόπῳ
1022 1524 1107 1584 τοῦτο
1119 1518 1246 1599 σύνηθές

197 1601 297 1688 ἐστιν]
320 1601 598 1688 Interpretetionis
612 1602 712 1666 vicem
722 1603 806 1689 gerit
818 1603 933 1668 Ver-sio
945 1604 1123 1681 Rufinienc,
1134 1604 1244 1669 Cenon

197 1685 259 1750 VI.
295 1688 341 1751 Et
364 1697 398 1752 ut
421 1688 509 1772 apud
529 1688 766 1766 Alexandriam,
791 1699 818 1752 et
847 1689 881 1751 io
905 1689 978 1753 crde
1006 1691 1105 1754 Romo
1130 1699 1245 1755 οοίοοία

195 1773 372 1836 οοοοοοίοᾶο
396 1783 536 1851 moder,
561 1783 595 1838 ut
617 1773 666 1837 nel
687 1774 739 1837 illc
760 1775 904 1858 AEoypti,
930 1773 978 1838 cel
999 1774 1049 1838 tic
1070 1773 1244 1838 suburbica·

195 1858 318 1921 νὶοηιοι
338 1858 530 1922 ecclesiarum
553 1859 786 1924 sollicitudinem
807 1869 903 1943 perat.
933 1859 1040 1923 Rufini
1060 1861 1144 1925 Her.
1158 1859 1243 1926 Eccl.

195 1941 216 2006 l.
225 1956 257 2028 5.
272 1965 304 2043 p.
320 1962 369 2025 14·
385 1944 434 2008 ed.
447 1943 598 2009 Oecciuri.

240 2027 321 2092 lbrd.
336 2028 357 2092 l.
370 2031 400 2092 6.
421 2029 469 2093 καὶ
485 2032 519 2092 ἐν
533 2035 596 2096 ταῖς
610 2027 721 2096 ἄλλοις
735 2031 904 2116 ἐπαρχίαις]
921 2029 1057 2096 Constat
1068 2053 1108 2094 ex
1123 2050 1243 2094 oenone

195 2114 333 2177 secundo
348 2113 525 2179 OPolitnno
539 2113 623 2178 inire
678 2115 750 2192 sito,
766 2115 799 2178 in
814 2115 945 2180 Oriente
959 2117 1086 2201 proprie
1100 2117 1145 2181 sic
1156 2115 1243 2180 dicto

196 2197 370 2262 obtinuisse
393 2199 556 2297 privilegis
577 2135 716 2264 eccssiae
731 2199 951 2277 Antiochense,
971 2201 1004 2265 in
1027 2201 1151 2265 coeteris
1166 2201 1243 2266 dioe-

195 2282 855 2369 cesibusprivilegieecclcsinrumelierum.
889 2285 1016 2351 Interea
1031 2285 1242 2366 οὕτοκεφέλαι,

194 2368 244 2432 vel
266 2369 314 2432 sui
332 2368 423 2452 juris,
441 2369 556 2455 eliquae
578 2370 746 2455 provinciae
768 2371 916 2434 videntur
936 2393 1002 2436 sem
1026 2371 1241 2448 emansisse,

195 2475 297 2539 neque
319 2454 482 2532 Romanae,
499 2477 601 2539 neque
623 2455 859 2534 Alexandrinus,
876 2477 977 2541 neque
1000 2393 1164 2533 &mentali
1185 2478 1243 2521 nee

196 2539 323 2604 demum
343 2541 397 2604 elii
412 2541 509 2605 cuivis
524 2541 661 2618 dioecesi,
678 2542 712 2607 in
726 2542 822 2606 rebus
836 2542 1055 2608 ecclesiasticis
1069 2543 1240 2626 subjectae3

195 2626 370 2709 eujusmodi
386 2626 508 2712 prrus
522 2626 625 2691 insule
638 2626 744 2704 inisse,
756 2633 842 2692 certe
857 2629 898 2692 nd
910 2627 1125 2693 ordinationes
1136 2649 1244 2692 socrus

196 2710 281 2793 quod
303 2711 431 2788 attinet,
455 2711 552 2776 etiem
573 2713 606 2775 in
630 2712 800 2798 Excerptis
821 2713 979 2778 Actorum
1001 2713 1153 2798 Ephesini
1171 2735 1244 2778 con·

195 2794 257 2858 cilii
272 2795 355 2858 inire
368 2795 559 2860 declaratur.
604 2797 740 2862 Postero
759 2804 903 2882 tempore
922 2797 1157 2883 archiepiscopi,
1173 2806 1244 2863 tum

195 2879 331 2964 denique
356 2880 557 2964 patriarches,
588 2881 739 2966 appellati
768 2889 844 2945 sunt
877 2882 991 2946 herum
1019 2884 1117 2946 trium
1147 2883 1243 2947 eccle-

195 2963 314 3028 siarum
336 2964 499 3042 Romnum,
518 2965 755 3042 Alexandr-inm,
779 2966 999 3044 Antiochense,
1019 2967 1176 3052 episcopi;
1204 2990 1243 3032 οο

195 3055 352 3134 praetereo
376 3049 528 3114 AElienns
553 3049 718 3136 episcopus
742 3051 775 3113 in
797 3071 918 3114 canone
940 3051 1076 3136 septimo
1099 3052 1243 3136 proxime

194 3142 270 3218 post
293 3141 567 3199 commemoratus.
611 3134 694 3199 Deni
717 3156 757 3198 ue
777 3133 826 3198 ite
847 3135 962 3200 extulit
984 3157 1136 3200 canonem
1159 3136 1243 3202 hunc

196 3227 323 3284 sextum
346 3219 606 3305 Hermenopulus
628 3220 661 3282 in
711 3219 826 3320 piscoso
850 3221 1009 3284 Cononem
1034 3222 1121 3308 epud
1139 3221 1241 3287 Leun-

196 3305 287 3370 clnvii
301 3305 363 3370 Jue
374 3307 609 3370 Grceco-Ilom.
622 3311 700 3370 tom.
711 3328 731 3370 1.
747 3327 778 3390 p.
792 3325 820 3368 1.
845 3308 996 3386 Κρατείπω
1009 3311 1046 3371 τὰ
1063 3309 1174 3391 ἀρχαῖα
1189 3309 1241 3388 ἔθη

194 3397 254 3454 τῶν
268 3393 518 3474 ἀρχιεπισκόπων·
535 3391 583 3454 καὶ
597 3397 656 3455 τῶν
670 3393 787 3456 οἰκείων
801 3392 952 3473 ἐπαρχιῶν
967 3393 1091 3460 ἕκαστος
1106 3395 1241 3471 ἐξουσια-

194 3475 267 3552 ξέτω
290 3480 317 3540 sl
340 3474 374 3540 δέ
394 3500 439 3544 τις
462 3477 623 3544 ἐπίσκοπος
644 3480 695 3556 τῆς
717 3481 770 3540 τοῦ
790 3479 1008 3557 μηπροπολίποΰ
1026 3477 1097 3561 δίχα
1120 3475 1243 3558 γένηται

195 3586 321 3710 y'libid’
336 3563 575 3731 ἶαξαΐοείξῖξῖαι]
594 3646 706 3712 Habet
721 3648 848 3732 quidem
863 3649 887 3710 J
888 3669 1007 3712 ocnnes
1021 3646 1242 3746 Antiochensis

194 3732 228 3795 in
243 3732 377 3816 Digesto
392 3753 450 3796 suo
464 3731 629 3796 (lenonum
644 3733 793 3810 αοζέαθα,
809 3733 920 3797 itidem
933 3743 1086 3796 muter
1098 3732 1243 3817 Dionysn

195 3817 312 3903 Exigui
328 3817 454 3891 Versio,
470 3817 636 3902 priscoque
650 3817 814 3882 Onnonum
831 3817 946 3882 Versio
959 3817 1045 3903 npud
1059 3816 1084 3879 J
1085 3817 1241 3882 ustellunr.

195 3903 315 3966 Verum
328 3903 475 3988 frequens
486 3910 536 3967 est
551 3901 583 3966 in
598 3903 648 3966 his
658 3903 937 3968 constitutionibus
947 3904 1060 3967 modus
1070 3901 1243 3966 infinitivus

195 3987 366 4052 subaudito
385 3993 439 4064 δεῖ,
455 4009 557 4072 neque
575 3995 753 4086 agnoscunt
773 3988 912 4064 σωζέσθω
929 3987 1053 4052 codices
1067 3987 1242 4066 Bodleinni,

196 4073 674 4241 qulbidodtudlelllsiplixblllillns
698 4163 750 4223 ποΰ
775 4159 1007 4246 μητροπολίτου]
1039 4156 1123 4222 Fere
1148 4157 1243 4224 silent

196 4243 281 4308 circe
294 4243 445 4328 suffr-agie
459 4243 566 4329 populi
586 4243 619 4306 in
638 4243 688 4308 his
707 4243 911 4308 electionibus
930 4243 1135 4308 vetustissimi
1150 4265 1243 4308 cuno-

195 4349 262 4406 nee,
278 4328 332 4428 qui
346 4329 386 4394 de
401 4329 555 4414 episeopis
571 4328 801 4394 constituendis
819 4336 931 4414 ngrrnt.
976 4327 1046 4393 Imo
1060 4335 1122 4396 τοῖς
1139 4331 1245 4412 ὀχλοῖο

196 4414 339 4499 permitti
353 4414 555 4481 secerdotum
569 4413 738 4480 electiones
751 4413 900 4500 prohibet
913 4435 1015 4480 conen
1030 4414 1169 4482 decimus
1180 4423 1243 4480 ter·
