3316 5198
398 487 462 550 188
751 486 1093 551 TERTULLIANI

397 669 434 731 et
451 660 509 730 hic
525 661 753 754 praescribam
769 684 842 732 non
859 661 964 733 aliter
983 661 1123 754 probari
1141 661 1282 743 debere,
1299 662 1367 731 nisi
1385 683 1449 753 per

396 777 539 849 easdem
557 777 732 862 ecclesias,
750 799 837 871 quas
853 778 920 870 ipsi
940 777 1090 870 apostoli
1108 779 1352 861 condiderunt,
1370 779 1447 871 ipsi,

398 895 449 965 eis
474 895 709 987 praedicando,
735 902 811 964 tam
837 895 917 964 viva
942 894 1053 986 (quod
1077 895 1193 986 aiunt)
1219 917 1316 977 voce,
1340 917 1447 986 quam

233 1039 247 1073 α
355 1025 381 1073 n.
398 1035 463 1104 per
479 1011 644 1103 epistolas
661 1017 793 1103 postea.
846 1008 885 1080 Si
908 1008 987 1080 haec
1007 1011 1060 1080 ita
1080 1019 1183 1092 sunt;
1208 1018 1349 1081 constat
1369 1035 1449 1104 pro-

397 1125 490 1209 inde,
509 1148 651 1196 omnem
671 1125 878 1207 doctrinam,
895 1149 977 1217 quae
998 1147 1081 1195 cum
1104 1125 1174 1196 illis
1191 1125 1348 1197 ecclesiis
1365 1150 1448 1220 apo-
1457 1155 1474 1216 5

397 1243 540 1325 stolicis,
564 1243 770 1313 matricibus
798 1250 836 1312 et
862 1240 955 1337 (sor.
981 1250 1019 1313 et
1047 1239 1192 1334 deleted.)
1220 1243 1448 1336 originalibus

397 1359 490 1442 fidei,
511 1361 698 1453 conspiret,
722 1360 862 1430 veritati
881 1359 1141 1452 deputandum,
1165 1360 1240 1430 sine
1263 1360 1371 1430 dubio
1394 1369 1449 1430 te-

396 1485 543 1547 nentem
561 1473 657 1571 (sor.
675 1475 897 1570 tenentibus)
914 1476 1009 1568 quod
1028 1475 1189 1547 ecclesiae
1205 1476 1251 1546 ab
1268 1476 1447 1569 apostolis,

397 1592 547 1686 apostoli
565 1615 587 1662 a
603 1592 755 1676 Christo,
770 1591 932 1663 Christus
949 1615 971 1662 a
989 1591 1068 1663 Deo
1088 1593 1246 1684 accepit:
1274 1593 1446 1684 reliquam

397 1733 480 1781 vero
498 1732 641 1780 omnem
660 1711 856 1780 doctrinam
870 1709 916 1779 de
932 1709 1119 1779 mendacio
1136 1710 1445 1801 praejudicandam,
1460 1745 1495 1784 ιο

398 1850 478 1919 quae
496 1827 610 1919 sapiat
632 1834 756 1896 contra
778 1827 965 1896 veritatem
989 1826 1229 1908 ecclesiarum,
1247 1834 1284 1896 et
1307 1833 1447 1919 aposto-

310 2013 312 2016 .
397 1944 524 2026 lorum,
541 1951 578 2014 et
595 1941 738 2024 Christi,
756 1951 794 2013 et
812 1941 893 2013 Dei.
939 1941 1110 2035 Superest
1127 1965 1212 2037 ergo
1229 1944 1283 2013 uti
1301 1943 1448 2014 demon·

396 2069 568 2143 stremus;
586 2081 632 2129 an
644 2059 723 2131 haec
737 2067 858 2130 nostra
870 2059 1040 2142 doctrina,
1055 2061 1156 2152 cujus
1169 2058 1329 2154 regulam
1342 2082 1447 2152 supra

397 2178 581 2258 edidimus,
608 2177 653 2245 de
679 2175 919 2269 apostolorum
946 2177 1137 2247 traditione
1167 2185 1374 2260 cementum
1408 2185 1447 2247 et

396 2316 442 2364 ex
459 2293 528 2363 hoc
546 2294 632 2385 ipso,
649 2314 695 2361 an
715 2300 846 2364 ceterae
864 2293 908 2362 de
931 2291 1116 2361 mendacio
1134 2292 1288 2363 veniant.
1340 2291 1492 2384 Com-15

396 2410 619 2478 municamus
652 2431 735 2479 cum
775 2408 932 2479 ecclesiis
966 2407 1179 2500 apostolicis,
1213 2409 1309 2500 quod
1348 2407 1446 2478 nulla

398 2523 558 2594 doctrina
575 2523 722 2593 diversa.
773 2522 856 2594 Hoc
874 2531 929 2593 est
946 2523 1190 2594 testimonium
1208 2523 1377 2593 veritatis.

449 2638 520 2710 Sed
550 2641 717 2732 quoniam
748 2648 822 2710 tam
856 2639 1025 2732 expedita
1057 2639 1219 2731 probatio
1249 2648 1314 2722 est,
1344 2648 1386 2710 ut
1415 2640 1443 2710 si

397 2757 518 2826 statim
542 2757 749 2848 proferatur,
766 2754 856 2826 nihil
873 2757 950 2848 jam
974 2757 1020 2825 sit
1042 2757 1327 2838 retractandum
1352 2779 1394 2826 ac
1415 2755 1444 2827 si

396 2873 533 2964 prolata
561 2895 634 2943 non
663 2874 710 2943 sit
739 2895 761 2942 a
790 2872 901 2954 nobis,
928 2872 1047 2942 locum
1072 2872 1214 2942 interim
1241 2872 1365 2942 demus
1393 2873 1494 2950 di·20

396 3011 507 3060 versae
536 2991 639 3083 parti,
669 2991 699 3060 si
729 2989 815 3081 quid
844 2996 973 3082 putant
1001 2988 1046 3058 ad
1077 2988 1322 3058 infirmandam
1352 2989 1444 3059 hauc

395 3107 696 3199 praescriptionem
713 3128 856 3176 movere
874 3127 912 3176 se
928 3126 1041 3197 posse.
1086 3103 1212 3174 Solent
1229 3105 1355 3188 dicere,
1373 3128 1445 3176 non

396 3224 515 3293 omnia
530 3223 708 3315 apostolos
726 3223 853 3306 scisse3
880 3222 1005 3292 cadem
1023 3223 1148 3315 agitati
1166 3221 1445 3314 dementiaque

395 3361 514 3410 rursus
545 3336 637 3434 (sor.
672 3361 742 3430 qua
771 3361 893 3412 susum
920 3338 1043 3429 jusum
1073 3333 1205 3432 Ripaei.
1237 3336 1323 3407 Vid.
1354 3340 1443 3429 not.)

395 3464 618 3537 convertunt,
636 3456 755 3525 omnia
775 3455 919 3546 quidem
942 3451 1120 3545 apostolos
1147 3454 1263 3536 scisse,
1287 3454 1348 3523 sad
1371 3476 1443 3523 non
1456 3489 1491 3550 ²5

396 3573 515 3642 omnia
537 3572 701 3642 omnibus
724 3569 930 3640 tradidisse:
957 3571 994 3638 in
1017 3577 1168 3660 utroque
1192 3568 1373 3640 Christum
1391 3593 1445 3638 re-

395 3687 617 3780 prehensioni
648 3687 884 3779 subjicientes
915 3687 975 3778 qui
1004 3694 1067 3757 aut
1097 3687 1215 3756 minus
1243 3687 1444 3768 instructos,

395 3813 457 3873 aut
480 3826 605 3896 parum
628 3802 804 3895 simplices
827 3801 1006 3894 apostolos
1028 3803 1174 3872 miserit.
1227 3802 1316 3886 Quis
1336 3802 1446 3894 igitur

396 3921 544 4014 integrae
561 3921 692 3990 mentis
709 3919 853 3989 credere
878 3926 1006 4011 potest,
1024 3918 1157 4010 aliquid
1174 3942 1235 3988 eos
1256 3919 1444 4011 ignorasse,

232 4051 308 4132 Mssa:
396 4059 484 4127 quos
513 4036 700 4129 magistros
730 4034 906 4105 Dominus
940 4036 1047 4118 dedit,
1079 4035 1277 4106 individuos
1311 4033 1493 4128 habens30

230 4133 315 4166 ’Μ’
397 4152 433 4220 in
472 4153 654 4236 comitatu,
689 4153 725 4222 in
761 4151 984 4245 discipulatu,
1019 4153 1056 4221 in
1090 4152 1278 4233 convietu;
1316 4149 1444 4241 quibus

232 4281 306 4332 uas
318 4279 369 4330 xus
396 4265 545 4337 obscura
561 4291 712 4360 quaeque
725 4269 870 4340 seorsim
883 4269 1085 4348 disserebat,
1100 4267 1169 4338 illis
1187 4268 1306 4338 dicens
1320 4264 1444 4334 datum

396 4403 472 4451 essa
495 4403 707 4476 cognoscere
730 4405 865 4466 arcana,
890 4405 969 4476 quae
993 4381 1124 4475 populo
1150 4381 1349 4474 intelligere
1372 4401 1445 4449 non
