3326 5200
401 482 466 545 184
739 477 1119 544 ANNOTATIONES

445 653 483 716 P.
499 652 570 716 116.
593 651 615 714 l.
638 669 684 732 ¹4
706 650 815 735 nupsit
840 672 897 714 suo
918 650 996 724 viro,
1021 649 1126 715 idest
1151 649 1302 800 tempori)
1328 649 1454 715 Tertul-

401 739 503 803 lianus
525 737 558 801 in
580 737 633 802 lib.
656 737 694 801 do
723 735 900 821 Virpinibus
926 735 1072 800 Vetmdis
1091 758 1160 821 oep.
1176 756 1223 800 11.
1249 740 1280 800 A
1295 737 1330 802 io
1351 737 1387 800 io
1406 757 1453 800 oo-

401 824 480 888 esto
500 832 598 887 mour
618 832 742 901 mma,
758 831 786 886 ot
806 821 889 886 alius
909 823 945 886 in
966 822 1074 886 &stante
1091 832 1184 908 poter
1198 829 1334 908 tompus,
1354 821 1453 886 filium

401 930 492 976 soom
506 907 618 994 leptim
630 909 695 973 suis
707 909 906 973 mritommt.

448 995 530 1059 Ibid.
552 995 642 1060 l.16.
666 1001 699 1058 et
721 1016 846 1058 omnem
872 993 1017 1058 hubitum
1043 994 1085 1058 nd
1108 993 1255 1059 mulieres
1279 993 1451 1080 eonvertit]

404 1082 571 1166 Tanquam
585 1081 612 1146 si
627 1080 747 1166 nuptiis
761 1079 908 1144 nuntium
921 1080 1071 1144 misisset.

441 1167 531 1316 lIbid.
546 1167 568 1316 ll.
583 1185 633 1232 22.
648 1172 725 1232 ente
740 1165 860 1254 Deum]
887 1165 960 1231 Hoo
975 1173 1034 1244 est,
1050 1167 1084 1230 in
1101 1164 1240 1244 ecelesia,
1257 1167 1334 1230 dum
1348 1166 1381 1230 in
1395 1166 1454 1230 viis

403 1275 611 1319 mmmm

449 1339 531 1404 lbid.
553 1339 575 1402 l.
589 1357 640 1424 25.
671 1337 754 1421 Quid
777 1337 857 1403 elias
882 1337 1097 1402 ostentatione
1120 1339 1169 1403 tui
1188 1339 1347 1425 judiousl]
1373 1339 1453 1404 (lum

405 1447 474 1491 mos
499 1424 595 1490 luerit
624 1425 658 1488 in
686 1424 829 1510 plurimis
856 1423 1003 1497 ecelesiis,
1031 1424 1198 1489 sedidem
1226 1447 1265 1488 ex
1295 1425 1455 1490 sententis

406 1510 594 1576 Tertulliani
622 1509 763 1587 vitiosus,
793 1517 831 1574 ut
860 1532 899 1574 ne
928 1510 1109 1574 velarentur
1137 1511 1295 1597 virginos;
1336 1511 1455 1596 quoeris

405 1597 523 1663 lemine
537 1619 601 1661 non
614 1596 756 1676 velando,
767 1597 823 1660 sed
838 1603 956 1661 eaeters
970 1596 1114 1660 similiter
1128 1603 1225 1682 utque
1239 1605 1405 1676 matronae,
1421 1597 1455 1660 id

406 1685 492 1770 quod
513 1683 564 1748 hie
584 1682 737 1760 innuitur,
752 1682 878 1760 vestitu,
894 1681 1047 1768 virginem
1069 1704 1103 1746 se
1124 1704 1193 1747 esse
1215 1682 1286 1747 Deo
1306 1684 1455 1748 devotum

406 1770 600 1846 ostentubet
616 1769 757 1854 aliusque
775 1767 862 1834 haud
877 1767 943 1833 tels
953 1768 1029 1853 quid
1041 1769 1081 1832 de
1096 1790 1130 1833 so
1145 1769 1303 1854 professes
1311 1769 1455 1855 judiosre

406 1856 584 1921 videbatur.
630 1855 685 1920 lte
699 1877 767 1920 rem
781 1854 933 1940 intelligo.

451 1941 533 2006 Ibid.
548 1942 568 2005 l.
582 1939 633 2006 28.
661 1940 768 2006 Fnoile
790 1940 918 2026 eligitur
939 1940 1024 2024 quod
1046 1939 1212 2006 effeetione
1233 1941 1342 2028 gloriae
1368 1963 1456 2005 ussu-

406 2029 519 2112 mitur]
536 2031 591 2092 An
605 2027 753 2092 eliditurt
779 2025 855 2090 Vox
874 2026 1089 2091 Tertullisneu
1107 2034 1167 2092 est.
1210 2028 1271 2093 Ait
1290 2035 1404 2092 euotor
1422 2027 1456 2090 in

406 2114 461 2179 lib.
490 2113 528 2178 olo
557 2113 764 2199 Spectaculiu
806 2113 852 2176 Es
873 2113 1054 2198 potsstriou
1083 2111 1199 2178 diaboli
1227 2115 1377 2200 tapetium
1404 2122 1455 2177 est.

408 2201 534 2263 Primos
546 2199 678 2263 hmines
692 2197 830 2263 diobolm
843 2198 934 2263 elisit.
950 2221 977 2262 o.
995 2200 1043 2263 18.

452 2287 489 2349 P.
515 2305 584 2367 117.
611 2285 632 2348 l.
651 2304 682 2370 3.
714 2284 778 2349 Sed
806 2306 871 2348 non
898 2291 992 2370 putet
1016 2285 1218 2350 institutione
1242 2285 1457 2370 unusquisque

408 2371 617 2436 snteeessoris
631 2371 914 2454 commovendum]
943 2370 1060 2436 Latere
1073 2372 1223 2436 mendum
1238 2372 1271 2435 in
1289 2372 1338 2436 his
1352 2371 1456 2435 verbis

409 2456 521 2534 sentio,
537 2457 594 2520 sed
608 2478 756 2542 reperero
770 2477 833 2520 non
848 2456 959 2521 audeo.
1005 2457 1157 2522 Fortasse
1170 2457 1338 2542 legendum
1352 2457 1457 2520 smine·

410 2541 560 2628 cujusquo.
591 2541 708 2606 Sensus
722 2549 830 2606 nutem
841 2549 909 2606 est:
934 2542 1008 2606 Non
1022 2565 1090 2608 esse
1104 2543 1269 2630 virginum,
1286 2565 1356 2629 quae
1367 2550 1457 2608 unte-

410 2640 581 2706 sessorum,
598 2627 857 2692 consuetudinem
873 2649 931 2713 pro
942 2628 1066 2693 ratione
1081 2630 1311 2694 adducendum.
1343 2629 1457 2692 Munn-

410 2736 488 2776 ronr.
535 2714 641 2815 Magis
656 2713 842 2791 existimem,
858 2735 933 2778 vooe
952 2717 1142 2780 antecessoris
1155 2715 1337 2801 episcopum
1351 2716 1458 2780 doces·

408 2799 708 2951 popprpnsigurfionlpi,
724 2807 765 2949 pyt
777 2799 858 2901 uerri
882 2801 1087 2951 enpllplmupsse
1109 2802 1335 2866 imts’tsslionem
1390 2801 1457 2866 Adi

436 2908 454 2951 e
531 2907 638 2951 renum
687 2907 703 2950 o
751 2907 836 2970 srpsn
868 2907 904 2949 us
976 2910 996 2952 a
1040 2909 1120 2952 esee
1166 2907 1257 2965 .2‚.

453 2972 535 3036 lbid.
550 2972 570 3035 l.
582 2991 613 3054 5.
638 2970 736 3037 Multi
757 2972 868 3036 nlisnoe
891 2973 1110 3038 consuetudini
1119 2907 1334 3038 pprudeirtium
1356 2995 1455 3051 susm,

344 3123 351 3138 ‚
408 3065 443 3123 et
464 3058 677 3123 constentiam
692 3059 760 3143 ejus
781 3057 943 3136 addicunt,
965 3081 1005 3124 ne
1025 2996 1254 3144 compellantur
1274 3057 1388 3145 velari]
1412 3060 1458 3124 Et

408 3144 478 3209 heio
492 3145 590 3208 verbu
603 3150 755 3231 corrupte.
769 3144 924 3208 existimo.
972 3145 1092 3230 Logere
1106 3145 1232 3210 mellens
1250 3145 1363 3210 mtdtoe.
1406 3144 1457 3209 lu-

409 3230 479 3316 quis
501 3237 618 3304 eutem,
642 3230 818 3316 complures
839 3230 985 3316 virgines,
1001 3253 1040 3295 ne
1062 3231 1095 3295 in
1116 3231 1234 3317 templo
1255 3231 1352 3296 velari
1374 3252 1458 3296 eom-

409 3316 609 3402 pellerentur‚
644 3315 1456 3401 roeoedentiumvirginumeonsuetudinesesetueri,

409 3401 489 3467 sutis
503 3425 538 3467 se
556 3340 728 3503 prulentes
747 3401 923 3480 arbitratae,
940 3402 966 3466 si
985 3404 1071 3487 quod
1089 3402 1150 3468 illae
1170 3410 1355 3469 oonstsuter
1375 3403 1456 3468 leoe-

409 3495 494 3566 ruut,
511 3495 545 3552 et
563 3510 640 3574 rpsae
654 3489 805 3553 feoerent.
838 3487 1017 3552 Morinum.
1064 3489 1167 3554 Loeus
1186 3511 1225 3554 oa
1243 3489 1368 3554 ratione
1389 3510 1456 3553 eor-

408 3573 558 3660 rigendus
577 3574 655 3638 mihi
677 3573 803 3659 quidem
825 3573 959 3651 videtur,
975 3583 1012 3639 ut
1034 3597 1109 3640 vooe
1130 3575 1220 3640 multi
1241 3575 1457 3662 signifiooutur

409 3660 569 3745 praesules,
585 3661 639 3745 qui
654 3658 790 3746 virgines
804 3658 901 3724 veleri
916 3683 979 3724 non
993 3661 1161 3747 cogebant.
1206 3661 1290 3725 Num
1313 3685 1349 3726 su
1390 3662 1457 3726 rius

409 3753 507 3846 utque
522 3769 561 3811 ex
573 3746 670 3832 ipsius
681 3745 821 3811 auctoris
832 3746 1049 3832 disputatione
1062 3749 1100 3812 do
1119 3746 1296 3832 Virpinibus
1315 3749 1356 3812 Vs
1388 3747 1460 3811 ndis

409 3839 489 3897 sntrs
501 3840 637 3910 oonstet‚
650 3855 690 3896 ex
698 3839 793 3980 parte
804 3853 868 3894 non
878 3831 1050 3897 velentium
1061 3834 1188 3898 stetisse
1198 3834 1458 3899 consuetudinem

409 3919 630 4004 plerorumque
644 3940 697 3983 eoo
710 3916 854 3982 esiarum.
900 3918 1015 4004 Itoque
1035 3919 1137 3984 losum
1156 3921 1200 3983 sio
1214 3920 1345 4006 retingo,
1360 3919 1461 3984 Mults·

409 4005 520 4068 aliems
540 4004 748 4070 wmuotudioi
764 4003 966 4088 prudentiam
984 4027 1071 4070 suom
1094 4006 1255 4078 addicunt,
1277 4017 1305 4069 et
1325 4015 1458 4070 comtos

409 4090 487 4155 tiam
500 4090 564 4174 ojus
577 4091 749 4168 adducunt,
765 4111 802 4154 ne
824 4091 1041 4176 compelluntur
1054 4092 1190 4176 virgines
1204 4093 1313 4156 ostar-i.

454 4177 537 4241 Ibid.
563 4177 584 4241 l.
612 4177 643 4242 8.
677 4177 771 4243 Certe
803 4175 1012 4266 voluntarius]
1045 4177 1098 4243 Itu
1126 4200 1186 4265 ego
1219 4179 1456 4263 interpretarer.

411 4260 520 4326 Velnri
535 4262 668 4328 ferinas
687 4261 806 4348 nuptiis
825 4263 920 4327 seeuli
936 4272 993 4329 eut
1012 4265 1131 4330 Christi
1150 4264 1304 4342 addictus,
1331 4263 1458 4328 omnino

410 4347 620 4412 neoesssrium
636 4355 695 4413 est.
735 4349 784 4411 At
799 4369 869 4432 quae
884 4348 1099 4436 virginitatem
1113 4349 1324 4415 voluntarium
1340 4349 1457 4428 colunt,

410 4432 510 4499 donee
521 4434 672 4499 maritum
682 4433 742 4498 sibi
754 4443 948 4519 comparent,
961 4436 1010 4500 his
1024 4458 1154 4522 prorsus
1165 4436 1383 4501 interdicendo
1395 4457 1459 4499 non
