3326 5200
726 603 776 662 IN

242 809 657 896 manuninum
690 809 802 892 nm.
837 809 917 890 nn
948 809 1258 892 onAmoNn

448 1051 1053 1158 ANNOTAT10NES.

641 1327 839 1362 ...4-
855 1340 860 1345 -

285 1513 337 1576 En
359 1511 512 1577 Lndociri
532 1513 608 1577 Ant.
631 1511 806 1576 Marcloril
826 1512 861 1576 la
886 1509 1072 1576 Tertulliani
1093 1507 1223 1574 Lc'lmrn

529 1615 567 1678 dc
585 1615 728 1679 Orcticm
743 1615 977 1701 Proleqcmenic.

276 1747 438 1810 Pnunnros
464 1746 651 1812 Tertulliani
676 1746 780 1812 editos
805 1748 911 1826 libros,
977 1771 1053 1814 ucos
1074 1770 1149 1813 vero
1171 1769 1282 1812 manu·

230 1833 365 1918 scn’ptos
390 1833 423 1897 in
449 1832 649 1898 bibliothecis
669 1855 882 1898 numeramus.
964 1834 1014 1898 inc
1035 1835 1165 1908 factum,
1186 1842 1282 1900 utne

232 1919 337 1984 adbuc
366 1919 493 2004 quidem
522 1918 759 1984 accuratissime
784 1919 869 2006 typis
894 1920 1054 2005 descripta
1079 1920 1160 1984 illius
1183 1941 1282 2007 opera

231 2005 428 2080 habeamus;
454 2005 600 2090 quaedam
615 2005 737 2082 mutila,
750 2005 907 2090 foedisque
921 2005 1102 2070 vulneribus
1116 2006 1280 2071 horrentia

231 2090 830 2263 llllffilllfflfflllt
844 2091 942 2242 llll
963 2092 1281 2242 allatae?

231 2283 344 2347 porum
359 2262 487 2327 omnino
502 2269 614 2348 erepta
627 2284 717 2347 aeque
732 2264 930 2349 suspicamur
944 2271 979 2329 et
992 2263 1145 2328 dolemus.
1187 2262 1279 2328 Meli-

232 2348 339 2414 oribus
359 2349 436 2414 latis
461 2349 623 2432 bucusque
688 2349 773 2414 visus
796 2371 859 2413 non
883 2357 934 2414 cst
958 2349 1039 2414 liber
1061 2349 1099 2413 da
1127 2349 1280 2426 Oratim

232 2456 326 2520 quem
369 2435 469 2498 rimus
490 2433 631 2498 omnium
645 2371 779 2499 l‘bnnis
799 2433 1045 2500 evetustiseimo
1067 2434 1174 2500 codice
1196 2433 1280 2499 avul-

231 2520 320 2606 gavit
333 2457 478 2585 lbannes
500 2519 662 2605 Gagnejns
682 2520 870 2586 Parisiensis
891 2521 1059 2608 theologus
1074 2521 1115 2585 A.
1133 2521 1167 2585 0.
1188 2539 1281 2606 1545,

231 2613 269 2670 at
282 2607 410 2670 nninime
425 2607 595 2692 integrum,
608 2613 645 2670 at
655 2605 770 2672 illustn’
784 2607 934 2672 coronide
944 2607 1145 2672 destitutum.
1170 2606 1281 2692 Neque

232 2691 305 2756 huic
327 2692 458 2756 editioni
480 2692 609 2776 reliquae
632 2693 809 2758 subacuta
831 2713 924 2778 opem
939 2693 1042 2758 tulere
1056 2715 1123 2778 pne
1137 2693 1281 2756 codicum

233 2777 349 2863 inopia.
389 2777 483 2842 Unus
498 2785 625 2842 tantum
640 2777 798 2864 Rigaltius
813 2778 855 2843 V.
868 2779 903 2844 Ο.
920 2779 1067 2843 mutilum
1081 2801 1150 2844 esse
1164 2778 1280 2843 librum

232 2864 467 2940 animadvertit,
483 2869 517 2928 et
539 2863 662 2949 aliquot
683 2865 854 2929 dumtaxat
876 2865 966 2928 lineis
986 2865 1018 2929 in
1044 2865 1129 2928 calce
1151 2864 1280 2942 additis,

233 2949 421 3014 medicinam
439 2949 510 3014 aliis
529 2948 760 3034 propinandam
779 2949 918 3034 reliquit.
964 2951 1069 3031 Quum
1091 2951 1200 3036 itaque
1222 2971 1282 3034 ego

234 3035 396 3100 inciderim
420 3035 453 3099 in
477 3042 639 3100 vetustum
662 3034 884 3100 Ambrosianus
905 3035 1104 3100 bibliothecae
1131 3035 1280 3114 codicem,

235 3120 289 3185 ubi
303 3120 491 3206 legebantur
513 3143 583 3206 qum
605 3121 638 3184 in
660 3121 784 3184 caeteris
798 3121 925 3199 desunt,
939 3122 1091 3184 continuo
1106 3121 1283 3185 Anecdctis

235 3207 314 3270 meis
329 3207 447 3284 addidi,
463 3207 561 3272 veluti
582 3228 726 3292 gemmas
746 3205 895 3270 literaria
916 3206 1096 3292 reipublicae
1118 3206 1283 3291 inprimis

234 3299 355 3378 gratas.
397 3293 610 3392 Quacumque
625 3291 709 3356 enim
722 3314 741 3355 e
756 3291 961 3370 Tertulliano,
976 3292 1117 3356 omnium
1133 3299 1220 3356 certo
1234 3291 1283 3356 sui

236 3379 388 3479 temporis
410 3378 632 3453 eruditisscmo,
649 3377 750 3442 literis
771 3378 957 3464 consignata
979 3384 1062 3456 sunt,
1082 3399 1182 3462 enque
1203 3399 1283 3464 pne-

236 3473 355 3542 sertrm,
380 3487 450 3550 qum
473 3465 506 3528 in
531 3464 646 3528 castris
674 3464 902 3529 catholicorum
931 3465 1060 3549 scripta,
1084 3464 1196 3548 quanti
1219 3463 1284 3528 sint

236 3551 322 3635 apud
345 3572 455 3614 omnen
473 3550 693 3616 ecclesiasticas
715 3551 761 3614 rei
784 3549 929 3628 cultores,
950 3549 998 3614 vel
1019 3550 1096 3634 ipsis
1116 3549 1284 3634 tyronibus

236 3643 338 3720 patet.
376 3636 608 3701 Ambrosianus
622 3643 731 3700 autom
746 3637 846 3700 codex
861 3657 924 3700 non
939 3637 981 3700 ab
996 3635 1160 3700 Orationis
1175 3635 1285 3699 Domi-

237 3721 316 3786 nicae
341 3722 547 3806 expositione,
574 3727 611 3785 ut
636 3722 668 3785 in
694 3720 789 3786 editis
811 3721 974 3798 babemus,
997 3721 1053 3786 sed
1079 3722 1121 3785 ab
1144 3721 1192 3799 iis,
1215 3741 1285 3805 quae

237 3805 416 3891 hujusmodi
432 3807 662 3892 expositionem
683 3806 928 3892 subsequuntur,
944 3807 1128 3893 opusculum
1143 3805 1285 3870 exordie-

237 3891 335 3957 batur
362 3915 434 3957 cum
459 3893 556 3958 bocco
581 3892 697 3958 titulo:
730 3893 850 3978 Incipit
882 3893 1067 3957 Tertulliani
1095 3893 1288 3956 diversorem

237 3999 340 4042 rarum
353 3981 605 4044 marmaricum:
646 3979 728 4042 Tum
743 3985 840 4063 caput
861 3978 1007 4064 primum,
1025 3983 1110 4064 (cap.
1127 3999 1157 4064 9.
1173 3977 1285 4060 libelli)

239 4065 328 4148 cujus
349 4064 476 4129 initium
491 4072 542 4129 est
557 4064 759 4166 Carpende'is‘
767 4064 973 4148 permanan
994 4063 1150 4128 verboram
1167 4065 1222 4166 lup.
1240 4063 1288 4128 ita

239 4321 350 4386 titulos
379 4321 602 4407 preferebant
630 4343 709 4405 quos
729 4321 841 4385 itsdem
868 4343 900 4385 ιη
930 4322 989 4386 bac
1015 4328 1127 4386 nostra
1148 4321 1287 4386 editione

238 4407 421 4472 retinendos
435 4407 623 4471 censuimus.
648 4407 863 4470 Mcnarossns.
