3316 5198
299 485 349 550 IN
375 487 410 549 S.
434 483 703 550 HIPPOLYTI
729 483 924 549 CONTRA
949 484 1166 550 NOETUM.
1215 485 1259 556 93

255 657 294 721 Ρ.
311 671 362 741 73.
379 656 466 721 l.12.
481 658 529 724 καὶ
550 658 623 742 ἥκω]
642 655 765 724 Extare
784 657 844 721 hoc
864 656 1119 723 additamentum
1133 657 1166 722 in
1181 659 1259 726 duo-

208 743 270 806 bus
295 743 387 807 codd.
414 742 550 828 scriptis,
578 743 659 807 siout
684 742 843 807 invenitur
871 743 957 828 apud
987 743 1257 829 (lbrysostomum,

209 829 384 893 ostendunt
400 828 477 892 Var.
492 829 595 894 Leott.
609 829 696 893 Test.
715 827 796 893 Novi
807 828 1083 905 Griesbachienae3
1101 830 1259 916 inquibus

208 914 379 978 memorari
405 914 561 979 debuerat
580 914 648 999 Hip
671 915 788 1000 olytus.
834 914 937 979 Porro
961 915 1114 1000 scriptum
1135 937 1204 982 esse
1225 919 1258 982 in

208 1001 319 1065 multis
333 999 502 1079 codicibus,
519 937 678 1086 quomodo
692 1001 778 1086 apud
790 999 1012 1086 Hippolytum,
1027 1002 1060 1065 ἐκ
1075 1007 1127 1066 τοῦ
1138 1004 1259 1086 Πατρὸς

577 1110 1256 1258 .....

208 1259 257 1323 ita
273 1259 392 1343 passim
407 1258 505 1324 etiam
520 1259 637 1324 dieitur
652 1259 791 1346 Spiritus
805 1258 945 1344 antiquis
967 1259 1106 1324 ecclesiae
1121 1261 1258 1326 doctori·

164 1353 170 1362 “
208 1344 271 1409 bus
292 1348 340 1409 ue
365 1345 400 1408 τὸ
426 1345 650 1428 ἀσχημάτιστον
674 1351 712 1409 ut
736 1344 877 1430 loquitur
901 1345 1034 1410 Proolus
1052 1345 1258 1412 GPolitanus.

212 1431 296 1495 Vide
311 1430 482 1517 Hugonem
497 1431 646 1496 Grotium
660 1431 704 1496 ad
719 1431 823 1495 Marci
835 1453 904 1516 cap.
922 1430 953 1497 ii.
968 1453 1050 1497 vers.
1067 1430 1095 1498 8.
1120 1432 1220 1498 Fusa

256 1516 338 1581 Ibid.
355 1520 386 1581 τί
398 1514 431 1580 δέ
447 1518 531 1581 ἐστιν
545 1517 590 1595 τὸ,
611 1515 754 1601 ἐξῆλθον]
773 1515 847 1580 For.
868 1517 900 1581 τί
922 1515 956 1581 δέ
979 1519 1071 1598 ἐστιν,
1088 1517 1104 1582 b
1120 1521 1255 1600 ἐξῆλθεν.

210 1603 305 1684 Quod
320 1603 477 1667 invenisse
488 1602 645 1689 interpres
660 1602 793 1667 videtur.

256 1688 292 1752 P.
308 1706 361 1770 74.
376 1687 397 1752 1.
416 1709 467 1752 11.
484 1689 565 1768 πλὴν
579 1691 644 1774 δύο]
663 1687 786 1753 Matth.
801 1695 836 1754 et
847 1687 924 1754 Luc.
937 1688 971 1753 in
982 1687 1134 1777 Evangel.
1156 1691 1257 1757 Fies.

208 1774 336 1926 ά1111111.
352 1774 375 1838 l.
387 1793 403 1924 p
406 1795 438 1860 3.
456 1776 679 1840 ἀποκαλύπτειν
699 1771 822 1854 μέλλον
841 1775 924 1860 τότε]
952 1775 1007 1839 An
1032 1775 1156 1862 legend.
1183 1802 1256 1843 ποτε

285 1997 293 2010 .
309 1963 363 2032 75.
378 1948 398 2010 l.
416 1965 460 2031 19·
478 1947 513 2011 ob
527 1946 653 2029 πάρεστι
666 1949 780 2032 Λόγος]
799 1946 915 2013 Melius
929 1947 1055 2012 videtur
1069 1945 1092 2034 ql
1106 1973 1138 2013 π.
1153 1953 1190 2012 Λ.

255 2033 292 2096 Ρ.
310 2036 361 2114 76.
375 2033 397 2099 l.
417 2050 445 2096 2.
461 2035 557 2100 καθὼς
572 2036 696 2114 εἴπαμεν
711 2031 861 2118 ὀνοτέρω]
880 2033 926 2099 (iu
947 2056 980 2119 p.
993 2051 1042 2096 10.
1061 2041 1095 2099 et
1108 2051 1155 2098 12.

255 2118 339 2182 Ibid.
351 2119 372 2182 l.
386 2139 437 2183 10.
450 2119 531 2186 Θεὸς
542 2121 699 2200 ἐνσώματι
710 2121 899 2204 ἐφανερώθη]
945 2126 1032 2183 trum
1042 2119 1094 2185 hic
1105 2120 1257 2186 afferatur

210 2205 348 2290 apostoli
372 2205 449 2269 illud
474 2205 507 2268 in
526 2206 633 2291 priori
653 2205 793 2292 Hpbtodr
815 2206 861 2270 od
881 2207 915 2270 S.
934 2206 1128 2286 Timottewn,
1143 2207 1185 2271 iii.
1204 2210 1256 2272 16.

212 2291 293 2358 Θεὸς
308 2293 481 2373 ἐφανερώθη
496 2293 531 2355 ἐν
544 2293 641 2375 σαρκὶ,
653 2291 757 2356 adhuc
771 2291 810 2356 lis
824 2299 885 2356 est.
910 2292 960 2356 De
974 2293 1085 2357 eadem
1099 2314 1135 2358 re
1148 2313 1256 2380 agens,

212 2377 280 2442 baec
302 2383 352 2442 est
369 2377 547 2442 incarnatio
566 2378 695 2457 Christi,
711 2377 908 2463 Hippolytus
929 2379 962 2442 in
984 2378 1047 2444 alio
1069 2401 1108 2444 ac
1132 2379 1256 2444 diverso

212 2485 307 2547 opere
328 2463 463 2549 scripsit,
480 2464 584 2541 Οὗτος,
608 2467 625 2527 ὁ
648 2465 805 2545 προελθὸν
825 2467 870 2532 εἰς
892 2464 945 2529 τὸν
967 2466 1081 2546 κόσμον
1105 2468 1186 2533 Θεὸς
1208 2467 1257 2530 καὶ

211 2551 366 2630 ἅνθρωπος
392 2551 576 2631 ἐφανερώθη.
623 2550 726 2615 Locus
747 2557 839 2615 extat
858 2551 944 2636 apud
968 2551 1204 2616 Theodoretum
1222 2551 1258 2615 in

213 2634 392 2720 1111117111.
413 2658 444 2720 p.
465 2654 535 2719 132.
559 2636 636 2701 edit.
665 2635 805 2700 Sohulze.
850 2637 935 2702 Eum
960 2658 1034 2701 vero
1059 2637 1171 2702 afferre
1193 2659 1257 2702 non

212 2720 350 2785 debebat
372 2721 606 2800 Griesbeohius,
621 2729 776 2806 tanquam
795 2744 867 2787 cum
889 2723 949 2788 hoc
968 2723 1070 2788 altero
1085 2723 1256 2810 Hippolyti

212 2806 281 2870 loco
295 2807 392 2872 verbo
411 2814 505 2873 tenus
526 2807 629 2872 disere
651 2815 770 2886 antem,
792 2808 826 2872 in
852 2831 914 2893 quo
937 2831 957 2873 a
980 2809 1118 2874 ostolum
1141 2809 1256 2875 adduci

212 2893 304 2957 multi
315 2899 464 2968 censent;
483 2893 516 2958 id
527 2895 611 2979 quod
622 2831 742 2958 dutum
753 2832 1141 2960 iuverbisalbeodoreto
1151 2895 1258 2961 allatis

212 2999 304 3044 nemo
334 2979 470 3044 dixerat.
514 2982 562 3044 At
585 3001 659 3045 vero
685 2980 763 3044 nihil
786 2982 904 3058 obstat,
929 2980 1005 3067 quin
1028 2987 1164 3066 utroque
1188 2982 1257 3045 loco

214 3063 418 3176 Hippolytus,
445 3064 570 3130 etiamsi
600 3067 687 3154 apud
715 3067 896 3154 apostolum
924 3067 1091 3132 lectionem
1120 3067 1163 3144 ὃς,
1193 3087 1257 3129 non

213 3156 303 3226 Θεος,
319 3151 482 3231 invenerit,
498 3153 546 3218 ite
567 3160 676 3218 tamen
697 3160 869 3239 propterea
891 3153 1053 3230 scriberet,
1097 3153 1161 3216 uod
1177 3151 1257 3215 rela-

213 3237 312 3301 tivum
327 3237 361 3304 ὃς
376 3260 447 3302 cum
465 3238 727 3304 antecedentibus
749 3244 833 3304 Θεοῦ
853 3243 968 3316 ζῶντος,
984 3175 1161 3302 interdlusis
1176 3237 1257 3302 voci-

212 3323 271 3386 bus
291 3323 412 3402 mediis,
428 3325 674 3390 construendum
689 3325 863 3390 statuebat.
910 3323 963 3388 Sic
977 3323 1257 3388 etinferiushabet

212 3410 375 3494 apostolus
401 3432 493 3474 voces
517 3412 645 3476 easdem
667 3411 752 3476 inter
776 3432 810 3476 se
834 3431 1005 3474 connexas.
1050 3408 1134 3474 Vide
1157 3410 1197 3473 de
1222 3409 1256 3474 S.

214 3495 305 3560 Pauli
331 3495 400 3560 loco
421 3518 502 3582 opus
521 3497 691 3583 egregium,
712 3498 797 3561 Novi
813 3497 955 3561 Faces
974 3496 1258 3581 Imcspretata'ouem

212 3583 386 3667 duplicem,
397 3605 492 3668 quam
503 3605 605 3670 nuper
618 3583 746 3670 scripsit
761 3583 951 3648 Granvillius
967 3583 1057 3647 Penn
1072 3581 1120 3646 vir
1134 3581 1256 3660 nobilis,

213 3667 358 3752 idemque
372 3668 405 3732 in
420 3669 531 3756 primis
545 3677 677 3734 ornatus
692 3675 725 3733 et
739 3668 912 3735 litteratus.

257 3753 340 3817 Ibid.
355 3755 375 3818 l.
396 3776 443 3819 11.
462 3758 537 3820 κατὰ
559 3753 768 3837 φαντασίανῆ
788 3755 914 3840 τροπὴν]
936 3755 1100 3821 Adversus
1122 3751 1258 3816 haeresin

214 3839 416 3919 Docetarum,
433 3864 504 3927 quae
525 3841 678 3906 latissime
699 3847 860 3926 serpsorat
880 3847 1082 3926 propugnata
1094 3861 1115 3903 o
1130 3837 1258 3903 Simone

215 3926 322 4012 Mago,
349 3927 537 4006 Menandro,
565 3926 736 4003 Saturnilo‚
762 3927 933 4002 Gnosticis,
958 3925 1138 4002 Oerinthiis,
1169 3922 1258 3987 Basi-

213 4011 283 4088 lide,
301 4013 482 4092 Valentino,
500 4013 654 4090 Secundo,
671 4013 699 4076 E
722 4012 846 4111 iphene,
864 4013 996 4090 Isidoro,
1013 4008 1257 4086 Heracleonitis,

214 4097 398 4177 Ptolemaeo,
415 4099 635 4174 Marcoeianis,
657 4035 793 4175 olitis,
814 4097 984 4174 Sethieuis,
999 4097 1152 4188 Cerdone,
1170 4095 1257 4195 Mar-

213 4184 310 4262 cione,
327 4185 450 4269 Apelle,
467 4185 661 4264 Bardesane,
712 4183 862 4263 armenio,
878 4183 926 4249 uti
948 4183 1096 4268 deinceps
1117 4182 1258 4247 eMam-

213 4269 317 4346 chaeis,
333 4277 367 4336 et
383 4271 641 4337 Priscillienistis.
665 4270 766 4334 Funa.
870 4285 873 4290 '

257 4355 295 4418 Ρ.
312 4357 401 4437 77.1.
417 4376 448 4441 5.
467 4360 483 4420 ὁ
503 4359 648 4439 πρότερον
669 4357 716 4421 ὑπ’
740 4356 830 4420 αὐτοῦ
857 4357 1078 4436 ἱερατευόμενοτ
1101 4356 1140 4423 ὡς
1162 4353 1257 4440 ezec]

213 4441 295 4523 Quia
309 4442 484 4508 Turrianus
498 4443 558 4508 hoc
572 4443 667 4507 modo
681 4443 785 4508 locum
799 4441 904 4521 vertit,
917 4441 971 4527 qa·
985 4451 1051 4507 emt
1065 4439 1103 4506 ab
1118 4462 1149 4506 οο
1162 4461 1260 4506 νοσοτ-
