3316 5198
761 443 794 506 S.
815 439 1084 506 HIPPOLY'I'I

400 616 530 719 Λόγος,
552 619 594 696 δι’
620 615 662 696 οὗ
686 612 733 696 τὰ
757 611 877 695 πάντα
903 615 1081 712 ἐποίησεν·
1121 607 1163 690 ὸν
1187 608 1348 714 ὑστέρως
1371 643 1447 688 και-

398 752 483 847 ροῖς,
509 743 627 827 καθὼς
658 743 806 840 εἴπαμεν
834 741 1009 845 ἀνωτέρω,
1036 737 1291 819 ἀπείιτειλενὸ
1317 734 1446 840 Πατὴρ

397 869 489 974 πρὸς
507 869 688 972 σωτηρίαν
705 867 916 971 ἀνθρώπων.
948 865 1065 949 Οθτος
1085 863 1144 945 διὸ
1162 861 1273 962 νόμον
1286 866 1344 943 καὶ
1356 897 1447 966 προ-

399 1003 524 1104 φητῶν
541 994 717 1100 ἐκηρύχθη
735 994 981 1098 παρεπόμενος
1000 1000 1047 1077 εἰς
1066 992 1130 1073 τὸν
1148 991 1300 1091 κόσμον.
1351 991 1444 1069 Καθ’

399 1124 440 1206 ὸν
472 1127 535 1206 οὖν
563 1123 698 1229 τρόπον
728 1124 917 1228 ἐκηρύχθη,
947 1122 1039 1204 κατὰ
1074 1131 1202 1202 τοῦτον
1233 1123 1292 1201 καὶ
1320 1118 1472 1224 παρεὸνε

397 1253 624 1359 ἐφανέρωσεν
656 1248 780 1332 εἀιπὸν
809 1255 848 1330 ἐκ
883 1250 1062 1354 παρθένου
1099 1252 1157 1329 καὶ
1189 1250 1293 1351 ἁγίου
1325 1247 1442 1328 Πνεύυ

397 1415 519 1479 ματος,
553 1377 672 1464 καινὸς
703 1379 890 1484 ἅνθρωπος
927 1377 1125 1480 γενόμενος,
1157 1374 1200 1456 τὸ
1237 1376 1303 1475 μέν
1335 1373 1442 1479 ούριί-

398 1543 473 1588 νιον
501 1508 593 1614 ἔχων
618 1506 661 1587 τὸ
690 1512 859 1614 πατρῷον
890 1510 938 1589 ὡς
975 1504 1107 1608 Λόγος,
1137 1505 1180 1585 τὸ
1218 1504 1257 1584 δὲ
1293 1505 1447 1606 ἐπίγειον

398 1640 446 1720 ὦς
476 1639 514 1716 ἐκ
545 1643 703 1716 παλαιοῦ
731 1633 852 1733 Ἀδὰμ
882 1633 941 1712 διὸ
977 1632 1156 1736 παρθένοο
1187 1630 1441 1736 σαρκούμενος.

398 1763 517 1848 Οὗτος
533 1762 722 1866 προελθὸν
741 1767 789 1846 εἰς
812 1759 952 1860 κόσμον
971 1759 1065 1844 Θεὸς
1093 1763 1129 1840 ἐν
1151 1758 1293 1859 σώματι
1319 1760 1442 1864 ἐφανε-
1459 1789 1495 1828 ιο

396 1891 505 1994 ροίθη,
539 1891 726 1997 ἅνθρωπος
754 1892 887 1974 τέλειος
919 1887 1120 1992 προελθών·
1169 1889 1210 1967 ού
1246 1885 1318 1991 γὰρ
1355 1883 1446 1967 κατὰ

397 2021 603 2126 φαντασίαν
634 2019 656 2122 ἢ
688 2017 836 2122 τροπὴν,
867 2021 950 2097 ἀλλ’
984 2021 1130 2117 ἀληθῶς
1157 2014 1345 2118 γενόμενος
1377 2014 1443 2094 ἄν·

397 2154 550 2252 θρωπος.

452 2275 510 2376 ιη’.
534 2273 663 2359 Οὕτως
682 2275 745 2354 οὖν
763 2278 822 2355 καὶ
839 2273 886 2354 τὸ
904 2273 1110 2377 ἀνθρώπινα
1128 2274 1254 2352 ἑαυτοῦ
1268 2273 1331 2351 ούκ
1346 2273 1442 2351 αἰπα·

397 2404 550 2482 ναίνεται
569 2402 826 2500 ἐνδεικνύμενος
844 2399 938 2485 Θεὸς
954 2399 1014 2499 ὧν,
1033 2402 1090 2483 ὅτε
1118 2406 1222 2508 πεινᾷ
1247 2402 1306 2479 καὶ
1328 2405 1445 2505 κοπιᾷ,
1459 2435 1494 2492 ¹5

397 2532 456 2608 καὶ
474 2529 617 2630 κάμνων
636 2533 738 2636 διψᾷ,
758 2532 816 2610 καὶ
844 2532 983 2608 δειλιῶν
1003 2529 1138 2635 φεύγει,
1157 2535 1215 2610 καὶ
1238 2527 1444 2633 προσευχό·

396 2691 502 2757 μενος
529 2664 706 2753 λυπεῖται,
735 2659 793 2737 καὶ
823 2659 882 2737 ἐπὶ
914 2657 1213 2765 προσκεφάλαιον
1237 2656 1397 2738 καθεύδει
1426 2658 1446 2736 ὸ

397 2786 535 2866 ἄϋπνον
552 2785 643 2890 ἔχων
661 2783 727 2885 τὴν
746 2785 860 2892 φύσιν
883 2788 932 2869 ὡς
956 2785 1060 2884 Θεὸς,
1085 2788 1145 2867 καὶ
1170 2787 1342 2888 ποτηρίου
1368 2782 1442 2867 πό·

398 2921 461 2999 θος
475 2921 695 3018 παραιτεῖται
719 2915 738 2992 ὁ
768 2912 825 2992 διὰ
852 2920 959 2993 τοῦτο
979 2911 1235 3019 παραγεγονὼς
1252 2915 1289 2993 ἐν
1308 2911 1446 3021 κόσμερ,

398 3135 607 3216 posterioribus
620 3137 810 3215 temporibus,
825 3137 902 3194 sicut
942 3137 1026 3196 Deus
1048 3148 1218 3215 corporatus
1240 3137 1386 3215 apperuit,
1413 3157 1444 3195 e·

398 3217 532 3296 superius
553 3216 690 3284 diximus.
714 3217 793 3277 misit
811 3218 902 3276 Pater
941 3238 1058 3295 gressus
1072 3217 1220 3297 perfectus
1235 3218 1331 3276 homo.
1374 3217 1444 3274 Non

398 3297 435 3356 sd
445 3297 568 3356 salutem
583 3299 743 3357 hominum.
767 3299 836 3357 Hoo
849 3319 900 3377 per
941 3299 1018 3357 enim
1040 3318 1093 3377 per
1112 3299 1268 3368 fictionem,
1283 3307 1335 3356 sut
1349 3309 1444 3356 muts·

398 3377 490 3455 Iegem
503 3389 533 3436 et
544 3379 700 3457 prophetas
712 3379 899 3457 praedicatum
942 3379 1063 3449 tionem,
1093 3379 1144 3438 sed
1172 3400 1239 3439 rere
1270 3379 1367 3438 factus
1400 3388 1445 3438 est

398 3469 443 3516 est
454 3469 609 3516 venturum
624 3479 687 3518 esse
702 3461 732 3516 in
747 3458 901 3517 mundum.
942 3459 1038 3516 homo.

399 3537 484 3597 Siout
498 3558 567 3616 ergo
581 3539 769 3618 praedicatum
792 3551 845 3608 est,
861 3541 902 3599 sic
984 3539 1108 3599 XVIII.
1134 3539 1183 3600 Sic
1207 3541 1298 3619 igitur
1319 3541 1446 3600 humanu

397 3638 525 3698 praesens
547 3638 578 3677 se
598 3619 694 3696 ipsum
713 3620 900 3678 manifestum
943 3640 994 3678 sus
1023 3641 1081 3678 non
1109 3632 1223 3680 recusat
1246 3622 1297 3698 qui
1325 3622 1446 3680 demon-

398 3700 469 3758 fecit
496 3719 533 3757 ex
563 3698 686 3777 Virgine
720 3712 750 3760 et
787 3699 901 3776 Spiritu
942 3702 1089 3760 strabatur
1108 3721 1170 3760 esse
1185 3701 1276 3768 Deus,
1291 3721 1356 3760 oum
1378 3720 1445 3760 esu·

399 3780 507 3839 Sancto
521 3800 615 3840 novus
629 3781 715 3840 homo
729 3782 835 3851 factus,
850 3781 901 3840 hs·
942 3782 1003 3839 rit⁸
1016 3792 1047 3840 et
1068 3779 1210 3851 laborati,
1224 3793 1254 3841 et
1269 3782 1446 3860 defatigatus

398 3861 469 3920 bens
497 3861 614 3920 coeieste
641 3863 720 3937 quod
748 3873 901 3941 paternum
943 3862 1038 3932 sitite
1061 3883 1126 3922 curn
1148 3863 1307 3921 formidans
1329 3859 1445 3941 fugitdg

399 3952 470 4007 erut.
486 3953 623 4019 tanquam
639 3942 790 4012 Verbum3
810 3954 902 4002 terre.
943 3954 972 4001 et
981 3963 1069 4022 super
1083 3943 1235 4023 pulvinum
1248 3943 1383 4012 dormite,
1394 3943 1445 4020 qui

399 4043 469 4081 num
492 4043 570 4090 vero,
591 4034 727 4102 tanquam
751 4043 788 4082 ex
808 4035 903 4083 vetere
944 4035 1078 4082 usturam
1104 4024 1191 4083 habet
1219 4025 1379 4083 insomnem
1412 4034 1446 4082 ut

400 4102 496 4161 Adam
521 4125 573 4182 per
596 4103 748 4183 Virginem
771 4104 900 4163 incarne·
944 4105 1046 4164 Deus:
1074 4124 1139 4163 cum
1164 4104 1281 4164 oulioem
1306 4104 1447 4183 passionis

400 4194 459 4241 tus.
502 4183 552 4243 Sic
565 4185 596 4244 in
613 4185 755 4244 mundum
770 4205 903 4263 egressus
944 4183 1080 4265 refugus,
1109 4186 1159 4263 qui
1187 4195 1307 4265 propter
1333 4185 1446 4244 hocin

433 4357 632 4418 siisrth.5v.3.
706 4357 926 4420 intumum.
1003 4358 1199 4406 coanximss.
1276 4357 1446 4418 dlbid.iv.3.

400 4421 517 4472 enlstth.
528 4422 578 4470 viii.
593 4436 631 4482 ιι.
698 4424 708 4464 ¹
720 4423 780 4472 ibid.
792 4424 858 4472 xxvi.
872 4437 912 4487 39.
930 4423 1007 4473 Maro.
1019 4423 1068 4472 xiv.
1082 4422 1120 4486 36.
1139 4423 1200 4473 hur.
1212 4424 1271 4472 xxii.
1282 4437 1323 4484 4²·
