3314 5190
401 476 467 544 256
737 475 1117 542 ANNOTATIONES

403 657 423 688 “
437 649 517 714 tirat
541 647 700 713 Marcion.
743 647 817 714 Non
842 647 1043 733 rebaptizant
1066 645 1258 711 alterutrum
1279 645 1323 710 ad
1345 667 1380 710 ee
1401 667 1452 710 ve-

402 743 423 774 “
437 733 590 801 nientes.”

446 821 484 884 P.
502 821 574 904 236.
593 819 614 883 l.
628 837 676 904 15.
692 841 750 884 nec
766 819 938 907 [Spiritum
956 817 1142 919 Sanctum]]
1163 817 1296 884 Certum
1313 825 1363 883 est
1382 817 1453 882 haec

402 908 466 972 duo
488 906 642 970 vocabula
663 927 727 970 ιιοιι
749 913 860 972 extare
878 905 911 970 in
930 905 1019 970 libris
1040 911 1158 969 nostris
1179 926 1237 968 nec
1260 904 1294 968 in
1313 911 1454 1005 quatuor

401 990 598 1078 Anglicanis.
643 991 697 1056 lte
716 992 814 1058 etiam
834 992 874 1056 de
894 1013 957 1056 uno
976 1012 1034 1055 suo
1053 996 1194 1056 testetur
1211 990 1382 1066 Pamelrue,
1420 989 1453 1054 ui

402 1086 511 1144 tamen
526 1077 581 1141 illa
594 1077 720 1142 addidit
734 1100 774 1142 ex
794 1078 901 1143 codice
916 1078 1014 1154 edito,
1030 1077 1063 1141 in
1077 1078 1167 1161 cujus
1183 1076 1380 1162 marginibus
1394 1011 1453 1139 do·

402 1185 501 1230 annes
523 1163 681 1230 Cauchius
702 1163 936 1248 Ultrajectinus
957 1185 977 1227 a
1000 1170 1150 1248 posuerat
1172 1163 1398 1248 castigationes
1412 1184 1453 1226 ex

403 1249 498 1316 variis
517 1249 678 1315 codicibus
696 1249 930 1335 manuscriptis.
1025 1255 1133 1313 manet
1152 1255 1261 1313 temen
1276 1248 1381 1312 adhuc
1396 1247 1454 1310 du-

402 1335 491 1400 bium
505 1357 547 1399 en
562 1335 630 1400 haec
645 1337 708 1400 duo
723 1335 876 1399 vocabula
890 1335 1003 1400 addita
1016 1335 1134 1400 fuerint
1145 1357 1185 1399 ex
1195 1334 1277 1399 libro
1288 1333 1399 1411 veteri,
1410 1355 1454 1397 an

403 1443 478 1486 vero
492 1443 532 1485 ex
547 1422 730 1505 conjectura
744 1421 875 1486 Oauchii
890 1427 1027 1486 tentum.
1059 1421 1141 1484 Nam
1158 1419 1233 1504 quia
1246 1419 1279 1484 in
1293 1420 1454 1484 veteribus

402 1506 491 1573 libris
506 1515 580 1592 post
594 1528 703 1572 vocem
708 1507 814 1590 filium
828 1507 960 1572 additur
972 1529 1037 1582 cccc,
1053 1507 1101 1572 ita
1116 1513 1152 1571 ut
1167 1506 1334 1571 videantur
1347 1505 1455 1590 aliqua

404 1595 522 1670 deesse,
539 1593 718 1677 conjecerat
733 1593 893 1658 Pemelius
908 1594 1056 1657 addenda
1070 1614 1138 1656 esse
1150 1592 1213 1656 duo
1224 1591 1280 1656 illa
1289 1591 1453 1669 vocabula,

404 1687 438 1745 et
457 1678 591 1756 addidit,
610 1679 719 1743 videns
736 1679 953 1763 conjecturam
968 1701 1058 1743 suam
1078 1677 1297 1742 confirmatam
1315 1677 1454 1741 auctori-

403 1773 474 1831 tate
495 1764 568 1828 libri
590 1764 774 1831 Ocuchicni.
820 1765 859 1828 In
882 1765 990 1830 codice
1011 1786 1107 1850 porro
1130 1763 1260 1828 Oeuchii
1281 1769 1455 1828 annotatae

398 1852 510 1929 fuisse,
535 1871 598 1915 non
622 1850 724 1915 solum
747 1851 852 1915 varias
874 1850 1025 1916 lectiones
1046 1857 1189 1914 veterum
1210 1848 1373 1928 librorum,
1398 1849 1456 1914 sed

404 1938 503 2002 etiam
526 1937 725 2020 conjecturas
749 1937 826 2021 ejus,
850 1943 959 2001 monet
988 1936 1055 2021 ipse
1081 1935 1241 2000 Pamelius
1264 1935 1297 1998 in
1320 1942 1456 1999 annote-

404 2022 544 2088 tionibus
563 2023 636 2088 suis.
687 2023 803 2107 ltaque
825 2045 882 2087 nos
904 2024 972 2086 haec
994 2022 1058 2085 duo
1076 2021 1239 2100 vocabula,
1255 2043 1326 2105 quas
1348 2020 1456 2106 posita

405 2117 480 2174 sunt
494 2109 562 2174 sino
581 2108 783 2185 auctoritate,
800 2131 840 2173 ex
859 2110 1042 2193 conjectura
1061 2113 1198 2184 tantum,
1222 2105 1311 2171 uncis
1330 2106 1455 2171 conclu·

405 2195 513 2259 simus.
543 2196 663 2260 Bsnuz.
713 2194 861 2258 Indicant
885 2194 1011 2278 quidem
1037 2193 1116 2258 Ver.
1142 2191 1246 2256 Lcctt.
1268 2194 1355 2279 apud
1377 2193 1454 2258 edit.

406 2281 510 2349 Oxou.
525 2279 665 2344 collectae
680 2279 745 2344 trie
759 2280 856 2344 verba
869 2301 923 2345 nec
937 2280 1091 2364 spirirum
1106 2280 1252 2342 &edum
1271 2278 1304 2342 in
1318 2284 1457 2363 quatuor

405 2364 467 2429 illie
481 2364 569 2429 libris
584 2364 728 2450 Anglicis
743 2365 870 2440 deesse;
897 2366 953 2430 sed
967 2387 1077 2430 revera
1095 2364 1129 2428 in
1143 2365 1266 2428 duobus
1281 2386 1320 2428 ex
1335 2363 1405 2442 illis,
1421 2364 1456 2428 hi

406 2457 482 2514 sunt
504 2449 697 2514 Bodleianus
717 2457 750 2514 et
771 2450 852 2514 Novi
871 2451 1001 2536 Oollegii
1019 2451 1129 2528 codex,
1151 2455 1286 2598 apparet
1309 2471 1363 2513 nec
1380 2457 1456 2535 poet

406 2556 515 2599 vocem
520 2535 627 2616 filium
638 2557 710 2599 cum
721 2536 925 2620 sequentibus
937 2537 1149 2621 conjrmctum.
1197 2559 1219 2598 n
1233 2535 1455 2600 altercantem
1507 2572 1511 2580 ·

406 2620 982 2772 {pingolarppprliqyprilanicodipglqui
997 2644 1094 2707 penes
1108 2629 1158 2686 est
1178 2621 1262 2686 idem
1280 2621 1455 2707 collegium,

450 2728 470 2768 u
508 2728 548 2770 ex
644 2728 825 2772 rrmrramc
847 2731 874 2771 rs
921 2731 952 2772 e.

451 2791 489 2856 P.
505 2793 577 2876 236.
593 2792 614 2856 l.
628 2811 677 2875 25.
699 2793 753 2856 ubi
773 2730 948 2878 praisident
967 2795 1104 2879 majores
1123 2793 1218 2879 natu]
1239 2794 1359 2870 Graece,
1380 2793 1456 2857 ὅπου

407 2877 608 2959 προκάθηνται
623 2881 651 2942 oi
670 2882 878 2961 πρεσβύτεροι.
925 2880 977 2945 Sic
992 2889 1026 2945 et
1046 2882 1114 2965 jam
1128 2901 1225 2965 supra
1240 2879 1455 2956 Firmilianus,
1486 2895 1487 2900 ’

409 2963 483 3027 Mos
497 2963 586 3048 apud
597 2965 734 3046 nosscit,
751 2965 863 3050 inquit,
880 2975 914 3030 ct
926 2989 987 3051 per
1000 2967 1132 3051 cingulos
1145 2987 1239 3030 occos
1257 2965 1397 3030 seniores
1413 2967 1459 3050 (ol

407 3052 618 3132 πρεσβύτεροι)
635 3059 663 3114 ct
669 3051 832 3136 praepositi
846 3053 881 3116 ic
895 3073 990 3116 coum
1004 3053 1222 3116 conveniemus.
1239 3053 1268 3134 ξ.
1280 3052 1324 3116 iii.
1338 3075 1370 3136 p.
1382 3069 1457 3131 224.

408 3135 557 3219 Utroque
574 3135 644 3200 loco
662 3136 878 3222 designantur,
892 3138 925 3201 ni
944 3137 1045 3214 fallor,
1067 3137 1237 3222 superioris
1256 3138 1385 3214 ordinis,
1400 3157 1457 3202 seu

407 3221 462 3306 qui
476 3221 656 3306 praesident,
673 3223 859 3308 presbyteri.
889 3223 1108 3288 Proeeidectcm
1122 3223 1265 3288 nominat
1275 3223 1459 3309 episcopum

408 3306 622 3372 Tertullianus
646 3308 680 3371 in
704 3308 758 3372 lib.
783 3309 820 3373 de
842 3309 1007 3373 Pudicitia
1030 3329 1101 3394 cap.
1121 3329 1168 3390 14.
1194 3317 1228 3373 et
1251 3309 1304 3374 illo
1329 3309 1457 3394 quidem

401 3390 644 3542 presbyterorum
655 3394 939 3494 nomineepiscopi
958 3417 979 3459 a
992 3394 1152 3459 veteribus
1171 3395 1332 3460 interdum
1350 3393 1458 3542 appel-

419 3486 531 3554 antur3
548 3500 622 3544 raro
634 3480 1184 3564 vrcrssrm‚1dqueaccommodatione
1195 3481 1375 3546 tautumnd
1414 3486 1457 3545 et.

410 3563 616 3642 Testlocum,
628 3564 831 3650 opiscoporum
842 3565 937 3630 titulo
948 3567 1109 3632 donantur
1142 3567 1308 3650 resbyteri.
1331 3566 1457 3632 Confer.

407 3649 581 3715 Annotatt.
594 3651 637 3716 cd
648 3651 765 3716 Ooncil.
775 3659 888 3717 contra
899 3652 1040 3716 Noctum
1050 3652 1110 3716 vol.
1120 3589 1167 3716 il.
1183 3652 1357 3738 Reliquias.
1367 3655 1457 3717 Scor.

407 3757 438 3821 p.
448 3750 523 3820 377.
545 3736 599 3801 ubi
614 3742 723 3801 tamen
737 3736 841 3802 minus
859 3746 947 3803 recte
967 3738 1130 3802 dubitasse
1148 3759 1200 3802 mc
1218 3737 1332 3817 fatcor,
1347 3746 1458 3803 utrum

407 3821 514 3907 plures
528 3822 667 3907 episcopi
680 3822 714 3885 in
728 3843 837 3900 unum,
852 3823 961 3888 sivein
975 3823 1158 3909 provinciali
1169 3823 1310 3903 concilio,
1323 3823 1457 3900 collecti,

401 3906 573 3993 presbytcri
586 3907 684 3972 tertio
698 3908 813 3974 saeoulo
824 3909 963 3974 ecclesiae
974 3909 1223 3974 nominarentur.
1255 3911 1357 3974 Porro
1371 3909 1460 3994 apud

408 3994 590 4094 epicopum
601 3993 697 4058 sitam
707 4016 776 4094 esse
786 4002 982 4096 potestatem
992 3995 1074 4060 ritus
1083 4016 1192 4095 omnes
1203 3994 1457 4097 administrandi,

408 4079 784 4252 munitlun
801 4081 1458 4252 incunctabundus

409 4256 479 4316 tete
500 4251 639 4349 episcopi
659 4252 702 4316 be
724 4251 861 4319 tizcrent
880 4261 978 4338 atque
1003 4253 1162 4318 offerrent.
1206 4253 1318 4319 Dandi
1337 4252 1462 4354 quidem

411 4335 468 4420 (ba
490 4341 620 4400 tremum
726 4346 739 4402 t
752 4338 808 4422 jue
829 4360 961 4404 ccccmo
982 4338 1130 4417 mardos,
1155 4340 1210 4424 qui
1232 4349 1275 4405 cet
1295 4359 1459 4426 episccopus.

409 4357 529 4487 nolim
543 4443 618 4508 prce
707 4424 758 4488 'cr
774 4424 907 4503 dionei,
928 4445 988 4490 coc
1008 4434 1109 4491 tenco
1126 4425 1192 4491 noe
1208 4425 1340 4512 episcopi
1360 4433 1462 4490 aucto-
