3326 5200
375 513 615 578 EPISTOLA
639 513 706 578 AD
731 511 764 575 S.
788 512 1089 578 CYPRlANUM.
1194 515 1259 578 248

207 689 385 784 peribunt,
402 689 470 759 nisi
495 690 541 759 ad
566 689 711 759 unicum
735 695 774 758 et
799 687 954 758 salutare
981 687 1140 759 ecclesiae
1164 687 1260 759 lava-

209 827 309 876 crum
335 828 399 898 per
423 806 598 899 poenitent
600 806 670 875 iam
696 813 958 875 convertantur.

260 919 351 992 XII.
369 921 494 1006 Qualis
517 944 600 991 vero
621 943 718 990 error
744 923 800 1005 sit,
824 930 862 991 et
886 929 1020 1013 quanta
1044 921 1090 990 sit
1115 923 1408 992 eaecitasnaenm

208 1037 285 1131 ejus
314 1040 375 1130 qui
404 1039 645 1109 remissionem
672 1046 796 1131 peccat
797 1060 898 1109 orum
925 1037 1012 1108 dicit
1037 1036 1144 1130 apud
1156 965 1421 1194 syna-gap?-

180 1176 197 1236 s
209 1177 317 1248 gogas
334 1153 458 1226 haeret'
432 1163 582 1225 trcomm
602 1156 675 1225 dari
697 1175 809 1247 posse,
826 1176 893 1224 nec
916 1154 1127 1245 pemmnet
1118 1177 1155 1222 m
1178 1146 1317 1224 fun-'7¹¹¹
1266 1130 1367 1244 ,uuffi
1359 1145 1422 1246 Ἓξ,

209 1270 378 1342 damento
394 1272 499 1340 unius
516 1270 686 1353 ecclesiae,
704 1293 786 1363 quae
809 1267 919 1340 semel
942 1292 964 1338 a
987 1268 1129 1339 Christo
1152 1211 1380 1375 ειιριιῗόει
1314 1276 1379 1310 ⁰⁰³¹·

207 1393 346 1480 petram
364 1385 514 1458 solidata
536 1395 612 1470 est3
638 1386 721 1457 hinc
747 1384 899 1479 intelligi
925 1393 1053 1478 potest,
1071 1386 1166 1477 quod
1191 1385 1258 1456 soli

210 1500 318 1573 Petro
344 1502 505 1573 Christus
531 1503 681 1574 dixerit.
709 1502 942 1593 Qnaecunque
964 1499 1127 1594 ligaveris
1153 1513 1386 1629 ευρθιιιιιι
1297 1522 1370 1564 ιιιι
1371 1515 1423 1564 vm

208 1624 351 1698 terrum,
384 1626 489 1688 erunt
523 1618 635 1711 ligata
667 1627 706 1688 et
735 1618 772 1686 in
802 1615 927 1688 coelis.
964 1625 1001 1687 et
1035 1639 1257 1708 quaecunque

163 1733 354 1804 resolveris
380 1756 486 1827 super
515 1743 657 1817 terram,
683 1740 788 1804 erunt
814 1731 930 1804 soluta
955 1735 1027 1804 et
1018 1756 1055 1803 rn
1076 1732 1193 1804 coelis.
1219 1745 1258 1804 et

209 1852 339 1920 iterum
356 1852 393 1920 in
411 1851 595 1943 evangelio
613 1850 784 1943 quando
775 1873 812 1920 rn
837 1848 931 1920 solos
953 1849 1131 1942 apostolos
1149 1849 1259 1920 insuf-

209 1963 308 2036 flavit
329 1966 491 2037 Christus
517 1967 647 2050 dicens,
671 1966 837 2060 Accipite
863 1967 1036 2060 Spiritum
1063 1967 1360 2040 Sanctum-lou·
1373 1989 1413 2026 ιι·

208 2081 238 2152 si
265 2084 365 2174 cujus
395 2083 599 2153 remiseritis
626 2093 781 2176 peccata,
808 2085 1036 2155 remittentur
1061 2084 1134 2168 illi;
1160 2093 1199 2156 et
1228 2087 1257 2154 si
1493 2076 1497 2082 ’

208 2199 310 2291 cujus
336 2199 531 2281 tenueritis
553 2199 782 2270 tenebuntur.
835 2200 999 2271 Potestas
1025 2224 1109 2294 ergo
1134 2224 1258 2293 peeca-
1311 2291 1312 2296 ἵ

164 2321 326 2404 ustorum
345 2313 638 2384 remittendorum
664 2314 832 2408 apostolis
853 2316 937 2386 data
961 2323 1026 2396 est,
1044 2323 1082 2385 et
1100 2314 1257 2386 ecelesiis

208 2452 295 2522 quas
318 2429 369 2500 illi
395 2430 578 2502 aChristo
605 2431 702 2500 missi
724 2433 995 2514 constituerunt,
1021 2441 1059 2502 et
1085 2432 1258 2524 episcopis

207 2549 268 2638 qui
302 2550 353 2619 eis
387 2547 608 2618 ordinatione
643 2548 771 2617 vicaria
804 2558 1059 2619 successenrnt.
1122 2547 1257 2620 Hostes

207 2673 329 2736 autem
357 2666 462 2734 unius
483 2662 666 2734 catholice
691 2665 851 2736 ecclesiae
878 2667 915 2735 in
940 2688 1011 2758 qua
1036 2686 1100 2736 nos
1125 2688 1257 2750 sumus,

208 2790 247 2850 et
263 2782 451 2852 adversarii
475 2782 583 2852 nostri
608 2782 669 2872 qui
694 2781 862 2874 apostolis
886 2783 1127 2865 successimus,
1146 2805 1259 2854 sacer-

163 2927 201 2968 20
209 2896 308 2968 dotia
336 2895 402 2967 sibi
430 2896 555 2967 illicita
583 2906 708 2968 contra
737 2921 800 2968 nos
824 2899 1053 2979 vindicantes,
1074 2907 1113 2968 et
1134 2899 1259 2968 altaria

209 3011 357 3104 profana
379 3021 571 3105 ponentem
597 3013 683 3105 quid
710 3013 806 3084 aliud
834 3021 918 3083 sunt
943 3035 1050 3104 quam
1078 3012 1195 3084 Chore
1220 3023 1258 3084 et

211 3127 355 3198 Dathan
381 3137 418 3198 et
435 3127 584 3211 Abiron‚
602 3130 676 3221 pari
703 3127 835 3200 scelere
865 3128 1035 3221 sacrilegi,
1060 3137 1098 3199 et
1115 3131 1258 3200 easdem

210 3267 297 3337 quas
320 3254 358 3316 et
382 3243 434 3314 illi
464 3269 586 3338 poenas
611 3246 727 3315 daturi
751 3267 833 3315 cum
856 3244 912 3313 his
936 3243 996 3335 qui
1018 3243 1085 3313 sibi
1111 3267 1258 3316 consen-

209 3361 329 3432 tiunt?
351 3361 546 3432 secundum
564 3360 659 3453 quod
677 3362 785 3431 etiarn
804 3369 889 3430 tunc
911 3357 1052 3430 illorum
1070 3362 1258 3454 participes

18 3471 24 3482 “
164 3485 249 3566 25et
270 3478 425 3550 fautores
452 3480 526 3570 pari
557 3478 717 3548 cumeis
746 3486 862 3547 morte
891 3477 1083 3569 perienmt.
1134 3476 1258 3570 Atque

209 3615 277 3686 ego
299 3593 335 3663 in
361 3591 427 3664 hac
452 3601 553 3686 parte
570 3593 669 3686 juste
690 3593 855 3686 indignor
878 3593 922 3662 ad
949 3593 1040 3662 hanc
1062 3600 1135 3662 tam
1160 3616 1259 3686 aper-

210 3717 283 3778 tam
312 3719 349 3779 et
376 3710 601 3780 manifestam
633 3708 805 3801 Stephani
835 3708 1037 3792 stultitiam,
1068 3710 1162 3802 quod
1197 3711 1257 3802 qui

209 3824 260 3895 sic
285 3823 331 3894 de
356 3825 578 3917 episcopatus
604 3826 658 3895 sui
688 3825 766 3896 loco
792 3824 966 3918 gloriatur
994 3833 1031 3895 et
1059 3849 1096 3896 se
1121 3849 1258 3898 succes·

210 3940 345 4009 sionem
372 3939 470 4010 Petri
500 3947 623 4011 tenere
650 3939 844 4022 contendit,
870 3963 975 4033 super
1001 3964 1108 4033 quem
1134 3941 1259 4010 funda-

161 4063 333 4146 30menta
357 4053 518 4126 ecclesiae
544 4055 718 4127 collocata
743 4063 836 4138 sunt,
863 4054 994 4126 multas
1023 4055 1110 4126 alias
1139 4065 1258 4149 petras

210 4171 365 4252 inducat,
399 4180 438 4240 et
471 4171 699 4242 ecelesiarum
741 4170 932 4241 multarum
981 4194 1073 4243 nova
1108 4174 1259 4244 aedificia

210 4287 415 4370 constituat,
441 4289 527 4360 dum
557 4311 634 4359 esse
661 4288 735 4358 illic
761 4288 937 4381 baptisma
964 4312 1027 4358 sua
1047 4291 1259 4361 auctoritate

211 4401 381 4474 defendit.
405 4403 511 4476 -Nam
529 4405 590 4497 qui
608 4404 841 4497 baptizantur,
859 4403 1041 4500 complent
1057 4407 1133 4478 sine
1151 4408 1259 4479 dubio

713 4521 797 4592 ria
