<?xml version="1.0" encoding="UTF-8"?>
<!DOCTYPE html PUBLIC "-//W3C//DTD XHTML 1.0 Transitional//EN"
    "http://www.w3.org/TR/xhtml1/DTD/xhtml1-transitional.dtd">
<html xmlns="http://www.w3.org/1999/xhtml" xml:lang="en" lang="en">
 <head>
  <title>
</title>
<meta http-equiv="Content-Type" content="text/html;charset=utf-8" />
  <meta name='ocr-system' content='tesseract 3.04.00' />
  <meta name='ocr-capabilities' content='ocr_page ocr_carea ocr_par ocr_line ocrx_word'/>
</head>
<body>
  <div class='ocr_page' id='page_1' title='image "./scriptorumeccle00routgoog_0409.png"; bbox 0 0 3294 5192; ppageno 0'>
   <div class='ocr_carea' id='block_1_1' title="bbox 416 479 1054 550">
    <p class='ocr_par' dir='ltr' id='par_1_1' title="bbox 416 479 1054 550">
     <span class='ocr_line' id='line_1_1' title="bbox 416 479 1054 550; baseline 0.003 -6"><span class='ocrx_word' id='word_1_1' title='bbox 416 479 482 550; x_wconf 74' lang='lat'>894</span> <span class='ocrx_word' id='word_1_2' title='bbox 835 482 1054 548; x_wconf 84' lang='lat' dir='ltr'><strong>CANONES</strong></span> 
     </span>
    </p>
   </div>
   <div class='ocr_carea' id='block_1_2' title="bbox 417 652 1524 2539">
    <p class='ocr_par' dir='ltr' id='par_1_2' title="bbox 417 652 1524 2539">
     <span class='ocr_line' id='line_1_2' title="bbox 417 652 1474 763; baseline 0.004 -31"><span class='ocrx_word' id='word_1_3' title='bbox 417 652 670 757; x_wconf 81' lang='grc' dir='ltr'>κηρυχθέντας,</span> <span class='ocrx_word' id='word_1_4' title='bbox 692 656 751 733; x_wconf 84' lang='grc' dir='ltr'>καὶ</span> <span class='ocrx_word' id='word_1_5' title='bbox 773 652 856 738; x_wconf 79' lang='grc' dir='ltr'>τούς</span> <span class='ocrx_word' id='word_1_6' title='bbox 877 653 968 755; x_wconf 77' lang='grc' dir='ltr'>μετὰ</span> <span class='ocrx_word' id='word_1_7' title='bbox 991 663 1105 736; x_wconf 78' lang='grc' dir='ltr'>ταῦτα</span> <span class='ocrx_word' id='word_1_8' title='bbox 1128 659 1189 763; x_wconf 77' lang='grc' dir='ltr'>ὑφ’</span> <span class='ocrx_word' id='word_1_9' title='bbox 1217 658 1320 757; x_wconf 82' lang='grc' dir='ltr'>ἡμῶν</span> <span class='ocrx_word' id='word_1_10' title='bbox 1336 661 1474 738; x_wconf 61' lang='lat' dir='ltr'>(innoc-2</span> 
     </span>
     <span class='ocr_line' id='line_1_3' title="bbox 418 778 1470 893; baseline 0.01 -36"><span class='ocrx_word' id='word_1_11' title='bbox 418 779 667 893; x_wconf 80' lang='grc' dir='ltr'>ματισθέντας·</span> <span class='ocrx_word' id='word_1_12' title='bbox 700 778 791 884; x_wconf 77' lang='grc' dir='ltr'>πρὸς</span> <span class='ocrx_word' id='word_1_13' title='bbox 818 780 857 860; x_wconf 84' lang='grc' dir='ltr'>δέ</span> <span class='ocrx_word' id='word_1_14' title='bbox 883 780 1030 880; x_wconf 77' lang='grc' dir='ltr'>τούτοις,</span> <span class='ocrx_word' id='word_1_15' title='bbox 1055 787 1114 863; x_wconf 85' lang='grc' dir='ltr'>καὶ</span> <span class='ocrx_word' id='word_1_16' title='bbox 1140 782 1224 869; x_wconf 80' lang='grc' dir='ltr'>τοὺς</span> <span class='ocrx_word' id='word_1_17' title='bbox 1251 784 1319 886; x_wconf 82' lang='grc' dir='ltr'>τὴν</span> <span class='ocrx_word' id='word_1_18' title='bbox 1345 787 1470 867; x_wconf 80' lang='grc' dir='ltr'>πίστιν</span> 
     </span>
     <span class='ocr_line' id='line_1_4' title="bbox 418 902 1466 1018; baseline 0.007 -33"><span class='ocrx_word' id='word_1_19' title='bbox 418 904 484 1004; x_wconf 89' lang='grc' dir='ltr'>μέν</span> <span class='ocrx_word' id='word_1_20' title='bbox 511 902 578 1005; x_wconf 83' lang='grc' dir='ltr'>τὴν</span> <span class='ocrx_word' id='word_1_21' title='bbox 606 908 687 1008; x_wconf 78' lang='grc' dir='ltr'>ύγιῆ</span> <span class='ocrx_word' id='word_1_22' title='bbox 717 907 1047 1011; x_wconf 73' lang='grc' dir='ltr'>προσποιουμένους</span> <span class='ocrx_word' id='word_1_23' title='bbox 1079 912 1279 1014; x_wconf 85' lang='grc' dir='ltr'>ὁμολογεῖν,</span> <span class='ocrx_word' id='word_1_24' title='bbox 1307 914 1466 1018; x_wconf 84' lang='grc' dir='ltr'>ἀποσχί-</span> 
     </span>
     <span class='ocr_line' id='line_1_5' title="bbox 420 1033 1472 1140; baseline 0.007 -26"><span class='ocrx_word' id='word_1_25' title='bbox 420 1067 557 1118; x_wconf 85' lang='grc' dir='ltr'>σαντας</span> <span class='ocrx_word' id='word_1_26' title='bbox 581 1033 619 1114; x_wconf 85' lang='grc' dir='ltr'>δέ</span> <span class='ocrx_word' id='word_1_27' title='bbox 644 1037 703 1116; x_wconf 84' lang='grc' dir='ltr'>καὶ</span> <span class='ocrx_word' id='word_1_28' title='bbox 723 1034 1029 1138; x_wconf 82' lang='grc' dir='ltr'>ἀντισυνύγοντας</span> <span class='ocrx_word' id='word_1_29' title='bbox 1053 1045 1128 1122; x_wconf 87' lang='grc' dir='ltr'>τοῖς</span> <span class='ocrx_word' id='word_1_30' title='bbox 1154 1046 1349 1124; x_wconf 87' lang='grc' dir='ltr'>κανονικοῖς</span> <span class='ocrx_word' id='word_1_31' title='bbox 1370 1041 1472 1140; x_wconf 75' lang='grc' dir='ltr'>ἡμῶν</span> 
     </span>
     <span class='ocr_line' id='line_1_6' title="bbox 420 1159 1503 1266; baseline 0.006 -26"><span class='ocrx_word' id='word_1_32' title='bbox 420 1159 640 1243; x_wconf 76' lang='grc' dir='ltr'>ἐπισκόποις.</span> <span class='ocrx_word' id='word_1_33' title='bbox 672 1160 792 1241; x_wconf 81' lang='grc' dir='ltr'>ἔπειτα</span> <span class='ocrx_word' id='word_1_34' title='bbox 816 1160 855 1242; x_wconf 84' lang='grc' dir='ltr'>δέ</span> <span class='ocrx_word' id='word_1_35' title='bbox 879 1164 939 1241; x_wconf 79' lang='grc' dir='ltr'>καὶ</span> <span class='ocrx_word' id='word_1_36' title='bbox 963 1162 997 1242; x_wconf 82' lang='grc' dir='ltr'>εἴ</span> <span class='ocrx_word' id='word_1_37' title='bbox 1016 1196 1109 1248; x_wconf 89' lang='grc' dir='ltr'>τινες</span> <span class='ocrx_word' id='word_1_38' title='bbox 1133 1171 1206 1243; x_wconf 82' lang='grc' dir='ltr'>τῶν</span> <span class='ocrx_word' id='word_1_39' title='bbox 1230 1164 1302 1246; x_wconf 83' lang='grc' dir='ltr'>ἀπὸ</span> <span class='ocrx_word' id='word_1_40' title='bbox 1324 1170 1390 1266; x_wconf 83' lang='grc' dir='ltr'>τῆς</span> <span class='ocrx_word' id='word_1_41' title='bbox 1408 1169 1503 1247; x_wconf 68' lang='lat' dir='ltr'>irc-5</span> 
     </span>
     <span class='ocr_line' id='line_1_7' title="bbox 420 1287 1475 1392; baseline 0.004 -26"><span class='ocrx_word' id='word_1_42' title='bbox 420 1287 576 1386; x_wconf 86' lang='grc' dir='ltr'>κλησίας</span> <span class='ocrx_word' id='word_1_43' title='bbox 598 1288 656 1367; x_wconf 85' lang='grc' dir='ltr'>ἐπὶ</span> <span class='ocrx_word' id='word_1_44' title='bbox 686 1289 813 1371; x_wconf 78' lang='grc' dir='ltr'>αἰτίαις</span> <span class='ocrx_word' id='word_1_45' title='bbox 838 1291 916 1368; x_wconf 84' lang='grc' dir='ltr'>τισὶ</span> <span class='ocrx_word' id='word_1_46' title='bbox 940 1291 1297 1392; x_wconf 73' lang='grc' dir='ltr'>προκατεγνωσμένοι</span> <span class='ocrx_word' id='word_1_47' title='bbox 1317 1289 1386 1370; x_wconf 80' lang='grc' dir='ltr'>εἶεν</span> <span class='ocrx_word' id='word_1_48' title='bbox 1414 1295 1475 1371; x_wconf 80' lang='grc' dir='ltr'>καὶ</span> 
     </span>
     <span class='ocr_line' id='line_1_8' title="bbox 420 1413 1474 1520; baseline 0.004 -26"><span class='ocrx_word' id='word_1_49' title='bbox 420 1413 762 1515; x_wconf 73' lang='grc' dir='ltr'>ἀποβεβλημένοηῆ</span> <span class='ocrx_word' id='word_1_50' title='bbox 786 1415 1026 1515; x_wconf 74' lang='grc' dir='ltr'>ἀκοινώνητα,</span> <span class='ocrx_word' id='word_1_51' title='bbox 1050 1417 1119 1498; x_wconf 77' lang='grc' dir='ltr'>εἴτε</span> <span class='ocrx_word' id='word_1_52' title='bbox 1142 1414 1214 1499; x_wconf 79' lang='grc' dir='ltr'>ἀπὸ</span> <span class='ocrx_word' id='word_1_53' title='bbox 1238 1417 1385 1520; x_wconf 85' lang='grc' dir='ltr'>κλήρου,</span> <span class='ocrx_word' id='word_1_54' title='bbox 1404 1417 1474 1498; x_wconf 79' lang='grc' dir='ltr'>εἴτε</span> 
     </span>
     <span class='ocr_line' id='line_1_9' title="bbox 420 1541 1469 1653; baseline 0.003 -30"><span class='ocrx_word' id='word_1_55' title='bbox 420 1541 493 1623; x_wconf 83' lang='grc' dir='ltr'>ἀπὸ</span> <span class='ocrx_word' id='word_1_56' title='bbox 515 1552 641 1624; x_wconf 84' lang='grc' dir='ltr'>λαὶκοῦ</span> <span class='ocrx_word' id='word_1_57' title='bbox 664 1542 859 1646; x_wconf 82' lang='grc' dir='ltr'>τάγματος·</span> <span class='ocrx_word' id='word_1_58' title='bbox 888 1543 978 1643; x_wconf 88' lang='grc' dir='ltr'>μηδέ</span> <span class='ocrx_word' id='word_1_59' title='bbox 1000 1545 1139 1630; x_wconf 83' lang='grc' dir='ltr'>τούτοις</span> <span class='ocrx_word' id='word_1_60' title='bbox 1162 1547 1290 1653; x_wconf 78' lang='grc' dir='ltr'>ἐξεῖναι</span> <span class='ocrx_word' id='word_1_61' title='bbox 1313 1580 1469 1649; x_wconf 81' lang='grc' dir='ltr'>κατηγο-</span> 
     </span>
     <span class='ocr_line' id='line_1_10' title="bbox 419 1668 1469 1777; baseline 0.005 -28"><span class='ocrx_word' id='word_1_62' title='bbox 419 1677 493 1773; x_wconf 83' lang='grc' dir='ltr'>ρεῖν</span> <span class='ocrx_word' id='word_1_63' title='bbox 519 1668 729 1768; x_wconf 85' lang='grc' dir='ltr'>ἐπισκόπου,</span> <span class='ocrx_word' id='word_1_64' title='bbox 747 1673 833 1774; x_wconf 76' lang='grc' dir='ltr'>πρὶν</span> <span class='ocrx_word' id='word_1_65' title='bbox 850 1668 897 1750; x_wconf 78' lang='grc' dir='ltr'>όν</span> <span class='ocrx_word' id='word_1_66' title='bbox 923 1669 966 1749; x_wconf 82' lang='grc' dir='ltr'>τὸ</span> <span class='ocrx_word' id='word_1_67' title='bbox 994 1678 1121 1752; x_wconf 80' lang='grc' dir='ltr'>οἰκεῖον</span> <span class='ocrx_word' id='word_1_68' title='bbox 1149 1673 1313 1775; x_wconf 78' lang='grc' dir='ltr'>ἔγκλημα</span> <span class='ocrx_word' id='word_1_69' title='bbox 1340 1672 1469 1777; x_wconf 86' lang='grc' dir='ltr'>πρότε-</span> 
     </span>
     <span class='ocr_line' id='line_1_11' title="bbox 418 1796 1524 1903; baseline 0.004 -26"><span class='ocrx_word' id='word_1_70' title='bbox 418 1830 483 1901; x_wconf 93' lang='grc' dir='ltr'>ρον</span> <span class='ocrx_word' id='word_1_71' title='bbox 500 1797 763 1879; x_wconf 80' lang='grc' dir='ltr'>ἀποδύσωνται.</span> <span class='ocrx_word' id='word_1_72' title='bbox 796 1799 927 1896; x_wconf 81' lang='grc' dir='ltr'>ὁμοίως</span> <span class='ocrx_word' id='word_1_73' title='bbox 952 1796 990 1878; x_wconf 84' lang='grc' dir='ltr'>δέ</span> <span class='ocrx_word' id='word_1_74' title='bbox 1018 1803 1076 1879; x_wconf 80' lang='grc' dir='ltr'>καὶ</span> <span class='ocrx_word' id='word_1_75' title='bbox 1104 1797 1186 1884; x_wconf 78' lang='grc' dir='ltr'>τοὺς</span> <span class='ocrx_word' id='word_1_76' title='bbox 1215 1800 1284 1882; x_wconf 78' lang='grc' dir='ltr'>ὑπὸ</span> <span class='ocrx_word' id='word_1_77' title='bbox 1312 1835 1471 1903; x_wconf 87' lang='grc' dir='ltr'>κατηγο·</span> <span class='ocrx_word' id='word_1_78' title='bbox 1486 1833 1524 1872; x_wconf 87' lang='lat'>10</span> 
     </span>
     <span class='ocr_line' id='line_1_12' title="bbox 419 1924 1473 2032; baseline 0.008 -26"><span class='ocrx_word' id='word_1_79' title='bbox 419 1925 501 2030; x_wconf 88' lang='grc' dir='ltr'>ριάν</span> <span class='ocrx_word' id='word_1_80' title='bbox 531 1933 796 2030; x_wconf 83' lang='grc' dir='ltr'>προλαβοῦσαν</span> <span class='ocrx_word' id='word_1_81' title='bbox 829 1924 934 2009; x_wconf 82' lang='grc' dir='ltr'>ὄντας</span> <span class='ocrx_word' id='word_1_82' title='bbox 965 1924 1016 2026; x_wconf 77' lang='grc' dir='ltr'>μὴ</span> <span class='ocrx_word' id='word_1_83' title='bbox 1048 1926 1223 2032; x_wconf 89' lang='grc' dir='ltr'>πρότερον</span> <span class='ocrx_word' id='word_1_84' title='bbox 1252 1926 1395 2013; x_wconf 80' lang='grc' dir='ltr'>δεκτούς</span> <span class='ocrx_word' id='word_1_85' title='bbox 1423 1933 1473 2014; x_wconf 80' lang='grc' dir='ltr'>εἷς</span> 
     </span>
     <span class='ocr_line' id='line_1_13' title="bbox 420 2049 1474 2159; baseline 0.004 -27"><span class='ocrx_word' id='word_1_86' title='bbox 420 2050 619 2132; x_wconf 80' lang='grc' dir='ltr'>ἐπισκόπου</span> <span class='ocrx_word' id='word_1_87' title='bbox 646 2051 862 2154; x_wconf 77' lang='grc' dir='ltr'>κατηγορίαν</span> <span class='ocrx_word' id='word_1_88' title='bbox 889 2049 913 2151; x_wconf 85' lang='grc' dir='ltr'>ἢ</span> <span class='ocrx_word' id='word_1_89' title='bbox 941 2052 1070 2156; x_wconf 75' lang='grc' dir='ltr'>ἐτέρων</span> <span class='ocrx_word' id='word_1_90' title='bbox 1099 2061 1288 2158; x_wconf 85' lang='grc' dir='ltr'>κληρικῶν,</span> <span class='ocrx_word' id='word_1_91' title='bbox 1315 2058 1400 2159; x_wconf 77' lang='grc' dir='ltr'>πρὶν</span> <span class='ocrx_word' id='word_1_92' title='bbox 1427 2053 1474 2136; x_wconf 82' lang='grc' dir='ltr'>όν</span> 
     </span>
     <span class='ocr_line' id='line_1_14' title="bbox 420 2176 1473 2289; baseline 0.003 -30"><span class='ocrx_word' id='word_1_93' title='bbox 420 2179 557 2263; x_wconf 82' lang='grc' dir='ltr'>ἀθώους</span> <span class='ocrx_word' id='word_1_94' title='bbox 574 2176 720 2263; x_wconf 79' lang='grc' dir='ltr'>ἐαιπούς</span> <span class='ocrx_word' id='word_1_95' title='bbox 739 2183 812 2258; x_wconf 81' lang='grc' dir='ltr'>τῶν</span> <span class='ocrx_word' id='word_1_96' title='bbox 839 2179 1064 2283; x_wconf 71' lang='grc' dir='ltr'>ἐπαχθέντων</span> <span class='ocrx_word' id='word_1_97' title='bbox 1088 2182 1207 2266; x_wconf 80' lang='grc' dir='ltr'>αὐτοῖς</span> <span class='ocrx_word' id='word_1_98' title='bbox 1231 2182 1473 2289; x_wconf 68' lang='grc' dir='ltr'>ἀποδεόξωσιν</span> 
     </span>
     <span class='ocr_line' id='line_1_15' title="bbox 419 2305 1473 2412; baseline 0.004 -28"><span class='ocrx_word' id='word_1_99' title='bbox 419 2306 666 2407; x_wconf 75' lang='grc' dir='ltr'>ἐγκλημάτων.</span> <span class='ocrx_word' id='word_1_100' title='bbox 707 2312 738 2386; x_wconf 79' lang='grc' dir='ltr'>εἰ</span> <span class='ocrx_word' id='word_1_101' title='bbox 768 2305 834 2405; x_wconf 72' lang='grc' dir='ltr'>μέν</span> <span class='ocrx_word' id='word_1_102' title='bbox 865 2339 920 2384; x_wconf 90' lang='grc' dir='ltr'>τοι</span> <span class='ocrx_word' id='word_1_103' title='bbox 946 2305 1038 2390; x_wconf 82' lang='grc' dir='ltr'>τινὲς</span> <span class='ocrx_word' id='word_1_104' title='bbox 1065 2306 1155 2407; x_wconf 86' lang='grc' dir='ltr'>μήτε</span> <span class='ocrx_word' id='word_1_105' title='bbox 1183 2311 1358 2412; x_wconf 77' lang='grc' dir='ltr'>αἱρετικοὶ,</span> <span class='ocrx_word' id='word_1_106' title='bbox 1382 2307 1473 2410; x_wconf 88' lang='grc' dir='ltr'>μήτε</span> 
     </span>
     <span class='ocr_line' id='line_1_16' title="bbox 418 2430 1520 2539; baseline 0.005 -26"><span class='ocrx_word' id='word_1_107' title='bbox 418 2434 647 2534; x_wconf 76' lang='grc' dir='ltr'>ἀκοινώνητον</span> <span class='ocrx_word' id='word_1_108' title='bbox 664 2430 743 2531; x_wconf 82' lang='grc' dir='ltr'>εἶεν,</span> <span class='ocrx_word' id='word_1_109' title='bbox 766 2431 856 2533; x_wconf 77' lang='grc' dir='ltr'>μήτε</span> <span class='ocrx_word' id='word_1_110' title='bbox 881 2434 1166 2534; x_wconf 72' lang='grc' dir='ltr'>κατεγνωσμένοι</span> <span class='ocrx_word' id='word_1_111' title='bbox 1189 2433 1213 2536; x_wconf 85' lang='grc' dir='ltr'>ἢ</span> <span class='ocrx_word' id='word_1_112' title='bbox 1240 2470 1468 2539; x_wconf 86' lang='grc' dir='ltr'>προκατηγο·</span> <span class='ocrx_word' id='word_1_113' title='bbox 1484 2479 1496 2520; x_wconf 86' lang='grc' dir='ltr'>ι</span> <span class='ocrx_word' id='word_1_114' title='bbox 1502 2477 1520 2538; x_wconf 82' lang='lat'>5</span> 
     </span>
    </p>
   </div>
   <div class='ocr_carea' id='block_1_3' title="bbox 420 2558 1473 2794">
    <p class='ocr_par' dir='ltr' id='par_1_3' title="bbox 420 2558 1473 2794">
     <span class='ocr_line' id='line_1_17' title="bbox 420 2558 1473 2669; baseline 0.001 -28"><span class='ocrx_word' id='word_1_115' title='bbox 420 2559 565 2664; x_wconf 83' lang='grc' dir='ltr'>ρημένοι</span> <span class='ocrx_word' id='word_1_116' title='bbox 593 2561 654 2640; x_wconf 82' lang='grc' dir='ltr'>ἐπί</span> <span class='ocrx_word' id='word_1_117' title='bbox 687 2593 763 2639; x_wconf 91' lang='grc' dir='ltr'>τισι</span> <span class='ocrx_word' id='word_1_118' title='bbox 798 2558 1100 2660; x_wconf 84' lang='grc' dir='ltr'>πλημμελήμασι,</span> <span class='ocrx_word' id='word_1_119' title='bbox 1134 2563 1274 2665; x_wconf 76' lang='grc' dir='ltr'>λέγοιεν</span> <span class='ocrx_word' id='word_1_120' title='bbox 1306 2563 1343 2644; x_wconf 85' lang='grc' dir='ltr'>δέ</span> <span class='ocrx_word' id='word_1_121' title='bbox 1380 2564 1473 2669; x_wconf 78' lang='grc' dir='ltr'>ἔχειν</span> 
     </span>
     <span class='ocr_line' id='line_1_18' title="bbox 420 2682 1469 2794; baseline 0.002 -28"><span class='ocrx_word' id='word_1_122' title='bbox 420 2685 501 2766; x_wconf 83' lang='grc' dir='ltr'>τινὰ</span> <span class='ocrx_word' id='word_1_123' title='bbox 512 2682 816 2786; x_wconf 78' lang='grc' dir='ltr'>ἐκκλησιαστικὴν</span> <span class='ocrx_word' id='word_1_124' title='bbox 833 2684 925 2764; x_wconf 78' lang='grc' dir='ltr'>κατὰ</span> <span class='ocrx_word' id='word_1_125' title='bbox 942 2695 1006 2767; x_wconf 83' lang='grc' dir='ltr'>τοῦ</span> <span class='ocrx_word' id='word_1_126' title='bbox 1024 2686 1222 2769; x_wconf 86' lang='grc' dir='ltr'>ἐπισκόπου</span> <span class='ocrx_word' id='word_1_127' title='bbox 1239 2691 1469 2794; x_wconf 82' lang='grc' dir='ltr'>κατηγορίαν·</span> 
     </span>
    </p>
   </div>
   <div class='ocr_carea' id='block_1_4' title="bbox 419 2812 1505 3048">
    <p class='ocr_par' dir='ltr' id='par_1_4' title="bbox 419 2812 1505 3048">
     <span class='ocr_line' id='line_1_19' title="bbox 420 2812 1505 2919; baseline 0.004 -25"><span class='ocrx_word' id='word_1_128' title='bbox 420 2814 567 2898; x_wconf 81' lang='grc' dir='ltr'>τούτους</span> <span class='ocrx_word' id='word_1_129' title='bbox 584 2813 719 2894; x_wconf 85' lang='grc' dir='ltr'>κελεύει</span> <span class='ocrx_word' id='word_1_130' title='bbox 740 2814 763 2913; x_wconf 83' lang='grc' dir='ltr'><strong><em>ἡ</em></strong></span> <span class='ocrx_word' id='word_1_131' title='bbox 785 2813 871 2915; x_wconf 85' lang='grc' dir='ltr'>ἁγία</span> <span class='ocrx_word' id='word_1_132' title='bbox 894 2812 1046 2898; x_wconf 85' lang='grc' dir='ltr'>σύνοδος</span> <span class='ocrx_word' id='word_1_133' title='bbox 1063 2823 1208 2919; x_wconf 78' lang='grc' dir='ltr'>πρῶτον</span> <span class='ocrx_word' id='word_1_134' title='bbox 1230 2815 1296 2914; x_wconf 75' lang='grc' dir='ltr'>μὲν</span> <span class='ocrx_word' id='word_1_135' title='bbox 1318 2818 1377 2898; x_wconf 81' lang='grc' dir='ltr'>ἐπὶ</span> <span class='ocrx_word' id='word_1_136' title='bbox 1399 2825 1473 2898; x_wconf 81' lang='grc' dir='ltr'>τῶν</span> <span class='ocrx_word' id='word_1_137' title='bbox 1495 2823 1505 2844; x_wconf 76' lang='grc'><em>”</em></span> 
     </span>
     <span class='ocr_line' id='line_1_20' title="bbox 419 2937 1473 3048; baseline -0.005 -21"><span class='ocrx_word' id='word_1_138' title='bbox 419 2946 484 3042; x_wconf 80' lang='grc' dir='ltr'>τῆς</span> <span class='ocrx_word' id='word_1_139' title='bbox 499 2942 669 3048; x_wconf 79' lang='grc' dir='ltr'>ἐπαρχίας</span> <span class='ocrx_word' id='word_1_140' title='bbox 686 2939 832 3022; x_wconf 80' lang='grc' dir='ltr'>πάντων</span> <span class='ocrx_word' id='word_1_141' title='bbox 849 2937 1057 3022; x_wconf 85' lang='grc' dir='ltr'>ἐπισκόπων</span> <span class='ocrx_word' id='word_1_142' title='bbox 1076 2944 1290 3023; x_wconf 78' lang='grc' dir='ltr'>ἐνίστασθαι</span> <span class='ocrx_word' id='word_1_143' title='bbox 1306 2941 1372 3028; x_wconf 77' lang='grc' dir='ltr'>τὰς</span> <span class='ocrx_word' id='word_1_144' title='bbox 1386 2979 1473 3024; x_wconf 89' lang='grc' dir='ltr'>κατ-</span> 
     </span>
    </p>
   </div>
   <div class='ocr_carea' id='block_1_5' title="bbox 422 3205 1473 4492">
    <p class='ocr_par' dir='ltr' id='par_1_5' title="bbox 422 3205 1473 4492">
     <span class='ocr_line' id='line_1_21' title="bbox 423 3205 1472 3287; baseline 0.001 -21"><span class='ocrx_word' id='word_1_145' title='bbox 423 3206 508 3283; x_wconf 87' lang='lat' dir='ltr'>ejecti</span> <span class='ocrx_word' id='word_1_146' title='bbox 523 3216 603 3275; x_wconf 80' lang='lat' dir='ltr'>sunt,</span> <span class='ocrx_word' id='word_1_147' title='bbox 615 3215 645 3264; x_wconf 85' lang='lat' dir='ltr'>et</span> <span class='ocrx_word' id='word_1_148' title='bbox 656 3205 706 3283; x_wconf 90' lang='lat' dir='ltr'>qui</span> <span class='ocrx_word' id='word_1_149' title='bbox 718 3215 787 3264; x_wconf 81' lang='lat' dir='ltr'>sunt</span> <span class='ocrx_word' id='word_1_150' title='bbox 798 3215 926 3284; x_wconf 79' lang='lat' dir='ltr'>postcaa</span> <span class='ocrx_word' id='word_1_151' title='bbox 967 3216 998 3265; x_wconf 88' lang='lat' dir='ltr'>et</span> <span class='ocrx_word' id='word_1_152' title='bbox 1018 3227 1077 3274; x_wconf 86' lang='lat' dir='ltr'>eos,</span> <span class='ocrx_word' id='word_1_153' title='bbox 1100 3207 1151 3286; x_wconf 90' lang='lat' dir='ltr'>qui</span> <span class='ocrx_word' id='word_1_154' title='bbox 1175 3208 1231 3266; x_wconf 76' lang='lat' dir='ltr'>sub</span> <span class='ocrx_word' id='word_1_155' title='bbox 1254 3207 1352 3287; x_wconf 85' lang='lat' dir='ltr'>priore</span> <span class='ocrx_word' id='word_1_156' title='bbox 1376 3205 1472 3267; x_wconf 82' lang='lat' dir='ltr'>adhuc</span> 
     </span>
     <span class='ocr_line' id='line_1_22' title="bbox 422 3285 1472 3366; baseline 0.002 -22"><span class='ocrx_word' id='word_1_157' title='bbox 422 3287 507 3346; x_wconf 80' lang='lat' dir='ltr'>nobie</span> <span class='ocrx_word' id='word_1_158' title='bbox 527 3286 783 3345; x_wconf 78' lang='lat' dir='ltr'>anathematizati:</span> <span class='ocrx_word' id='word_1_159' title='bbox 808 3285 845 3344; x_wconf 83' lang='lat' dir='ltr'>ad</span> <span class='ocrx_word' id='word_1_160' title='bbox 864 3287 925 3344; x_wconf 81' lang='lat' dir='ltr'>haec</span> <span class='ocrx_word' id='word_1_161' title='bbox 966 3289 1150 3348; x_wconf 77' lang='lat' dir='ltr'>accusatione</span> <span class='ocrx_word' id='word_1_162' title='bbox 1163 3288 1375 3354; x_wconf 66' lang='lat' dir='ltr'>laborantum</span> <span class='ocrx_word' id='word_1_163' title='bbox 1389 3287 1472 3366; x_wconf 81' lang='lat' dir='ltr'>princ</span> 
     </span>
     <span class='ocr_line' id='line_1_23' title="bbox 423 3365 1472 3448; baseline -0.003 -23"><span class='ocrx_word' id='word_1_164' title='bbox 423 3378 520 3426; x_wconf 81' lang='lat' dir='ltr'>cutem</span> <span class='ocrx_word' id='word_1_165' title='bbox 545 3377 576 3424; x_wconf 89' lang='lat' dir='ltr'>et</span> <span class='ocrx_word' id='word_1_166' title='bbox 603 3387 661 3436; x_wconf 81' lang='lat' dir='ltr'>eos,</span> <span class='ocrx_word' id='word_1_167' title='bbox 689 3365 740 3443; x_wconf 88' lang='lat' dir='ltr'>qui</span> <span class='ocrx_word' id='word_1_168' title='bbox 768 3386 799 3424; x_wconf 83' lang='lat' dir='ltr'>sc</span> <span class='ocrx_word' id='word_1_169' title='bbox 826 3386 923 3424; x_wconf 83' lang='lat' dir='ltr'>sanam</span> <span class='ocrx_word' id='word_1_170' title='bbox 965 3366 1003 3425; x_wconf 85' lang='lat' dir='ltr'>ad</span> <span class='ocrx_word' id='word_1_171' title='bbox 1024 3368 1151 3448; x_wconf 83' lang='lat' dir='ltr'><strong>episcopi</strong></span> <span class='ocrx_word' id='word_1_172' title='bbox 1173 3369 1218 3427; x_wconf 84' lang='lat' dir='ltr'>vel</span> <span class='ocrx_word' id='word_1_173' title='bbox 1240 3368 1364 3427; x_wconf 84' lang='lat' dir='ltr'>aliorum</span> <span class='ocrx_word' id='word_1_174' title='bbox 1386 3367 1472 3426; x_wconf 85' lang='lat' dir='ltr'>cleri.</span> 
     </span>
     <span class='ocr_line' id='line_1_24' title="bbox 422 3446 1469 3526; baseline 0.001 -21"><span class='ocrx_word' id='word_1_175' title='bbox 422 3447 540 3526; x_wconf 87' lang='lat' dir='ltr'>quidem</span> <span class='ocrx_word' id='word_1_176' title='bbox 564 3446 651 3505; x_wconf 87' lang='lat' dir='ltr'>fidem</span> <span class='ocrx_word' id='word_1_177' title='bbox 668 3447 800 3506; x_wconf 85' lang='lat' dir='ltr'>confiteri</span> <span class='ocrx_word' id='word_1_178' title='bbox 817 3467 877 3524; x_wconf 78' lang='grc' dir='ltr'>ητις</span> <span class='ocrx_word' id='word_1_179' title='bbox 893 3465 924 3504; x_wconf 80' lang='lat' dir='ltr'>ec</span> <span class='ocrx_word' id='word_1_180' title='bbox 965 3467 1064 3506; x_wconf 87' lang='lat' dir='ltr'>corum</span> <span class='ocrx_word' id='word_1_181' title='bbox 1096 3449 1308 3508; x_wconf 76' lang='lat' dir='ltr'>accumticnem</span> <span class='ocrx_word' id='word_1_182' title='bbox 1341 3447 1469 3514; x_wconf 82' lang='lat' dir='ltr'>admitti,</span> 
     </span>
     <span class='ocr_line' id='line_1_25' title="bbox 422 3527 1473 3605; baseline -0.001 -20"><span class='ocrx_word' id='word_1_183' title='bbox 422 3527 534 3595; x_wconf 84' lang='lat' dir='ltr'>ferunt,</span> <span class='ocrx_word' id='word_1_184' title='bbox 562 3527 652 3586; x_wconf 75' lang='lat' dir='ltr'>avulsi</span> <span class='ocrx_word' id='word_1_185' title='bbox 680 3531 777 3586; x_wconf 82' lang='lat' dir='ltr'>nutem</span> <span class='ocrx_word' id='word_1_186' title='bbox 802 3538 872 3586; x_wconf 82' lang='lat' dir='ltr'>eunt</span> <span class='ocrx_word' id='word_1_187' title='bbox 895 3537 926 3586; x_wconf 87' lang='lat' dir='ltr'>et</span> <span class='ocrx_word' id='word_1_188' title='bbox 965 3547 1053 3604; x_wconf 84' lang='lat' dir='ltr'>quam</span> <span class='ocrx_word' id='word_1_189' title='bbox 1068 3549 1098 3588; x_wconf 81' lang='lat' dir='ltr'>se</span> <span class='ocrx_word' id='word_1_190' title='bbox 1110 3529 1288 3605; x_wconf 85' lang='lat' dir='ltr'>objectorum</span> <span class='ocrx_word' id='word_1_191' title='bbox 1305 3528 1359 3587; x_wconf 83' lang='lat' dir='ltr'>sibi</span> <span class='ocrx_word' id='word_1_192' title='bbox 1374 3527 1473 3586; x_wconf 90' lang='lat' dir='ltr'>crimi-</span> 
     </span>
     <span class='ocr_line' id='line_1_26' title="bbox 423 3607 1472 3675; baseline 0.001 -9"><span class='ocrx_word' id='word_1_193' title='bbox 423 3609 551 3675; x_wconf 80' lang='lat' dir='ltr'>ebecicei,</span> <span class='ocrx_word' id='word_1_194' title='bbox 569 3619 599 3666; x_wconf 86' lang='lat' dir='ltr'>ct</span> <span class='ocrx_word' id='word_1_195' title='bbox 617 3607 755 3667; x_wconf 79' lang='lat' dir='ltr'>adversus</span> <span class='ocrx_word' id='word_1_196' title='bbox 774 3607 926 3666; x_wconf 79' lang='lat' dir='ltr'>canonicos</span> <span class='ocrx_word' id='word_1_197' title='bbox 966 3627 1036 3666; x_wconf 86' lang='lat' dir='ltr'>unm</span> <span class='ocrx_word' id='word_1_198' title='bbox 1051 3609 1182 3668; x_wconf 73' lang='lat' dir='ltr'>insontes</span> <span class='ocrx_word' id='word_1_199' title='bbox 1192 3609 1385 3668; x_wconf 85' lang='lat' dir='ltr'>ostenderint.</span> <span class='ocrx_word' id='word_1_200' title='bbox 1410 3607 1472 3667; x_wconf 87' lang='lat' dir='ltr'>Sed</span> 
     </span>
     <span class='ocr_line' id='line_1_27' title="bbox 424 3687 1472 3767; baseline -0.003 -22"><span class='ocrx_word' id='word_1_201' title='bbox 424 3699 538 3747; x_wconf 79' lang='lat' dir='ltr'>nostros</span> <span class='ocrx_word' id='word_1_202' title='bbox 566 3688 717 3767; x_wconf 77' lang='lat' dir='ltr'>episcopos</span> <span class='ocrx_word' id='word_1_203' title='bbox 744 3687 924 3765; x_wconf 75' lang='lat' dir='ltr'>congregati·</span> <span class='ocrx_word' id='word_1_204' title='bbox 966 3689 990 3747; x_wconf 80' lang='lat' dir='ltr'>si</span> <span class='ocrx_word' id='word_1_205' title='bbox 1000 3689 1133 3747; x_wconf 87' lang='lat' dir='ltr'>nonnulli</span> <span class='ocrx_word' id='word_1_206' title='bbox 1145 3709 1198 3749; x_wconf 90' lang='lat' dir='ltr'>nec</span> <span class='ocrx_word' id='word_1_207' title='bbox 1206 3689 1345 3756; x_wconf 69' lang='lat' dir='ltr'>heretici,</span> <span class='ocrx_word' id='word_1_208' title='bbox 1355 3709 1409 3750; x_wconf 92' lang='lat' dir='ltr'>nec</span> <span class='ocrx_word' id='word_1_209' title='bbox 1419 3707 1472 3746; x_wconf 86' lang='lat' dir='ltr'>ex.</span> 
     </span>
     <span class='ocr_line' id='line_1_28' title="bbox 423 3767 1472 3848; baseline 0.002 -22"><span class='ocrx_word' id='word_1_210' title='bbox 423 3788 507 3827; x_wconf 89' lang='lat' dir='ltr'>onem</span> <span class='ocrx_word' id='word_1_211' title='bbox 519 3768 641 3827; x_wconf 77' lang='lat' dir='ltr'>faciunt.</span> <span class='ocrx_word' id='word_1_212' title='bbox 671 3769 817 3827; x_wconf 77' lang='lat' dir='ltr'>Praeterea</span> <span class='ocrx_word' id='word_1_213' title='bbox 828 3779 925 3826; x_wconf 83' lang='lat' dir='ltr'>autem</span> <span class='ocrx_word' id='word_1_214' title='bbox 967 3769 1172 3828; x_wconf 85' lang='lat' dir='ltr'>communicati</span> <span class='ocrx_word' id='word_1_215' title='bbox 1186 3769 1306 3839; x_wconf 87' lang='lat' dir='ltr'>fuerint,</span> <span class='ocrx_word' id='word_1_216' title='bbox 1320 3789 1376 3828; x_wconf 88' lang='lat' dir='ltr'>nec</span> <span class='ocrx_word' id='word_1_217' title='bbox 1389 3767 1472 3848; x_wconf 85' lang='lat' dir='ltr'>prius</span> 
     </span>
     <span class='ocr_line' id='line_1_29' title="bbox 423 3847 1472 3926; baseline -0.005 -18"><span class='ocrx_word' id='word_1_218' title='bbox 423 3859 454 3909; x_wconf 87' lang='lat' dir='ltr'>et</span> <span class='ocrx_word' id='word_1_219' title='bbox 472 3849 496 3906; x_wconf 81' lang='lat' dir='ltr'>si</span> <span class='ocrx_word' id='word_1_220' title='bbox 517 3849 607 3926; x_wconf 82' lang='lat' dir='ltr'>aliqui</span> <span class='ocrx_word' id='word_1_221' title='bbox 628 3869 727 3908; x_wconf 86' lang='lat' dir='ltr'>eorum</span> <span class='ocrx_word' id='word_1_222' title='bbox 750 3849 786 3907; x_wconf 79' lang='lat' dir='ltr'>ab</span> <span class='ocrx_word' id='word_1_223' title='bbox 806 3847 926 3908; x_wconf 80' lang='lat' dir='ltr'>ecclesia</span> <span class='ocrx_word' id='word_1_224' title='bbox 967 3849 1106 3918; x_wconf 79' lang='lat' dir='ltr'>damnati,</span> <span class='ocrx_word' id='word_1_225' title='bbox 1123 3849 1170 3908; x_wconf 82' lang='lat' dir='ltr'>vel</span> <span class='ocrx_word' id='word_1_226' title='bbox 1190 3849 1353 3926; x_wconf 81' lang='lat' dir='ltr'>aliquorum</span> <span class='ocrx_word' id='word_1_227' title='bbox 1373 3849 1472 3907; x_wconf 80' lang='lat' dir='ltr'>crimi-</span> 
     </span>
     <span class='ocr_line' id='line_1_30' title="bbox 423 3929 1472 4007; baseline 0.002 -21"><span class='ocrx_word' id='word_1_228' title='bbox 423 3930 461 3988; x_wconf 90' lang='lat' dir='ltr'>ob</span> <span class='ocrx_word' id='word_1_229' title='bbox 486 3929 596 4006; x_wconf 80' lang='lat' dir='ltr'>aliquas</span> <span class='ocrx_word' id='word_1_230' title='bbox 624 3949 723 3988; x_wconf 78' lang='lat' dir='ltr'>causas</span> <span class='ocrx_word' id='word_1_231' title='bbox 751 3930 832 4007; x_wconf 72' lang='lat' dir='ltr'>prius</span> <span class='ocrx_word' id='word_1_232' title='bbox 856 3948 926 3987; x_wconf 90' lang='lat' dir='ltr'>con-</span> <span class='ocrx_word' id='word_1_233' title='bbox 967 3949 1036 3988; x_wconf 90' lang='lat' dir='ltr'>num</span> <span class='ocrx_word' id='word_1_234' title='bbox 1056 3931 1192 3998; x_wconf 76' lang='lat' dir='ltr'>accusati,</span> <span class='ocrx_word' id='word_1_235' title='bbox 1207 3930 1306 3989; x_wconf 77' lang='lat' dir='ltr'>dicant</span> <span class='ocrx_word' id='word_1_236' title='bbox 1326 3941 1424 3989; x_wconf 83' lang='lat' dir='ltr'>autem</span> <span class='ocrx_word' id='word_1_237' title='bbox 1439 3947 1472 3988; x_wconf 78' lang='lat' dir='ltr'>se</span> 
     </span>
     <span class='ocr_line' id='line_1_31' title="bbox 423 4009 1472 4087; baseline -0.002 -19"><span class='ocrx_word' id='word_1_238' title='bbox 423 4009 562 4079; x_wconf 68' lang='lat' dir='ltr'>damnati,</span> <span class='ocrx_word' id='word_1_239' title='bbox 577 4020 608 4069; x_wconf 89' lang='lat' dir='ltr'>et</span> <span class='ocrx_word' id='word_1_240' title='bbox 626 4009 723 4087; x_wconf 86' lang='lat' dir='ltr'>ejecti,</span> <span class='ocrx_word' id='word_1_241' title='bbox 743 4009 790 4068; x_wconf 82' lang='lat' dir='ltr'>vel</span> <span class='ocrx_word' id='word_1_242' title='bbox 809 4029 925 4070; x_wconf 84' lang='lat' dir='ltr'>excom·</span> <span class='ocrx_word' id='word_1_243' title='bbox 966 4009 1072 4070; x_wconf 81' lang='lat' dir='ltr'>habere</span> <span class='ocrx_word' id='word_1_244' title='bbox 1114 4010 1321 4070; x_wconf 71' lang='lat' dir='ltr'>ecclesiasticae</span> <span class='ocrx_word' id='word_1_245' title='bbox 1358 4009 1472 4086; x_wconf 79' lang='lat' dir='ltr'>aliquas</span> 
     </span>
     <span class='ocr_line' id='line_1_32' title="bbox 422 4089 1470 4170; baseline -0.003 -22"><span class='ocrx_word' id='word_1_246' title='bbox 422 4091 562 4149; x_wconf 73' lang='lat' dir='ltr'>manicati</span> <span class='ocrx_word' id='word_1_247' title='bbox 577 4091 699 4157; x_wconf 86' lang='lat' dir='ltr'>fuerint.</span> <span class='ocrx_word' id='word_1_248' title='bbox 713 4091 774 4150; x_wconf 86' lang='lat' dir='ltr'>sive</span> <span class='ocrx_word' id='word_1_249' title='bbox 788 4089 924 4160; x_wconf 83' lang='lat' dir='ltr'>enclero,</span> <span class='ocrx_word' id='word_1_250' title='bbox 965 4089 1104 4150; x_wconf 74' lang='lat' dir='ltr'>adversus</span> <span class='ocrx_word' id='word_1_251' title='bbox 1133 4091 1301 4170; x_wconf 83' lang='lat' dir='ltr'>episcopum</span> <span class='ocrx_word' id='word_1_252' title='bbox 1334 4089 1470 4150; x_wconf 81' lang='lat' dir='ltr'>crimina-</span> 
     </span>
     <span class='ocr_line' id='line_1_33' title="bbox 423 4169 1472 4248; baseline -0.002 -20"><span class='ocrx_word' id='word_1_253' title='bbox 423 4171 484 4228; x_wconf 79' lang='lat' dir='ltr'>sive</span> <span class='ocrx_word' id='word_1_254' title='bbox 505 4191 541 4230; x_wconf 85' lang='lat' dir='ltr'>ex</span> <span class='ocrx_word' id='word_1_255' title='bbox 562 4169 701 4230; x_wconf 83' lang='lat' dir='ltr'>inicorum</span> <span class='ocrx_word' id='word_1_256' title='bbox 721 4170 842 4238; x_wconf 85' lang='lat' dir='ltr'>ordine;</span> <span class='ocrx_word' id='word_1_257' title='bbox 871 4190 925 4230; x_wconf 85' lang='lat' dir='ltr'>nec</span> <span class='ocrx_word' id='word_1_258' title='bbox 964 4171 1078 4241; x_wconf 57' lang='lat' dir='ltr'>tionem</span> <span class='ocrx_word' id='word_1_259' title='bbox 1100 4191 1150 4230; x_wconf 81' lang='lat' dir='ltr'>eos</span> <span class='ocrx_word' id='word_1_260' title='bbox 1165 4171 1251 4248; x_wconf 86' lang='lat' dir='ltr'>jubet</span> <span class='ocrx_word' id='word_1_261' title='bbox 1270 4181 1472 4248; x_wconf 74' lang='lat' dir='ltr'>sanctasyno-</span> 
     </span>
     <span class='ocr_line' id='line_1_34' title="bbox 422 4249 1472 4331; baseline -0.001 -23"><span class='ocrx_word' id='word_1_262' title='bbox 422 4250 465 4308; x_wconf 82' lang='lat' dir='ltr'>eis</span> <span class='ocrx_word' id='word_1_263' title='bbox 483 4249 571 4310; x_wconf 88' lang='lat' dir='ltr'>licere</span> <span class='ocrx_word' id='word_1_264' title='bbox 591 4252 758 4331; x_wconf 73' lang='lat' dir='ltr'>episcopum</span> <span class='ocrx_word' id='word_1_265' title='bbox 780 4271 923 4318; x_wconf 76' lang='lat' dir='ltr'>accusare,</span> <span class='ocrx_word' id='word_1_266' title='bbox 966 4249 1031 4318; x_wconf 80' lang='lat' dir='ltr'>dus,</span> <span class='ocrx_word' id='word_1_267' title='bbox 1044 4252 1171 4330; x_wconf 85' lang='lat' dir='ltr'>primum</span> <span class='ocrx_word' id='word_1_268' title='bbox 1179 4251 1296 4330; x_wconf 83' lang='lat' dir='ltr'>quidem</span> <span class='ocrx_word' id='word_1_269' title='bbox 1308 4249 1388 4329; x_wconf 85' lang='lat' dir='ltr'>apud</span> <span class='ocrx_word' id='word_1_270' title='bbox 1401 4269 1472 4328; x_wconf 81' lang='lat' dir='ltr'>pro-</span> 
     </span>
     <span class='ocr_line' id='line_1_35' title="bbox 423 4329 1470 4412; baseline 0.003 -25"><span class='ocrx_word' id='word_1_271' title='bbox 423 4329 590 4408; x_wconf 81' lang='lat' dir='ltr'>priusqunm</span> <span class='ocrx_word' id='word_1_272' title='bbox 627 4332 777 4410; x_wconf 85' lang='lat' dir='ltr'>proprium</span> <span class='ocrx_word' id='word_1_273' title='bbox 816 4331 924 4392; x_wconf 85' lang='lat' dir='ltr'>crimen</span> <span class='ocrx_word' id='word_1_274' title='bbox 966 4331 1068 4390; x_wconf 69' lang='lat' dir='ltr'>vincite</span> <span class='ocrx_word' id='word_1_275' title='bbox 1086 4333 1237 4412; x_wconf 77' lang='lat' dir='ltr'>episcopos</span> <span class='ocrx_word' id='word_1_276' title='bbox 1256 4331 1470 4390; x_wconf 76' lang='lat' dir='ltr'>accusationem</span> 
     </span>
     <span class='ocr_line' id='line_1_36' title="bbox 422 4409 1472 4492; baseline -0.002 -22"><span class='ocrx_word' id='word_1_277' title='bbox 422 4410 618 4470; x_wconf 76' lang='lat' dir='ltr'>absterserint.</span> <span class='ocrx_word' id='word_1_278' title='bbox 661 4411 803 4470; x_wconf 85' lang='lat' dir='ltr'>Similiter</span> <span class='ocrx_word' id='word_1_279' title='bbox 825 4422 923 4471; x_wconf 77' lang='lat' dir='ltr'>antem</span> <span class='ocrx_word' id='word_1_280' title='bbox 965 4411 1126 4482; x_wconf 82' lang='lat' dir='ltr'>intendere,</span> <span class='ocrx_word' id='word_1_281' title='bbox 1143 4423 1173 4472; x_wconf 89' lang='lat' dir='ltr'>et</span> <span class='ocrx_word' id='word_1_282' title='bbox 1187 4412 1267 4492; x_wconf 85' lang='lat' dir='ltr'><strong>apud</strong></span> <span class='ocrx_word' id='word_1_283' title='bbox 1280 4431 1329 4472; x_wconf 78' lang='lat' dir='ltr'>coc</span> <span class='ocrx_word' id='word_1_284' title='bbox 1347 4409 1472 4490; x_wconf 78' lang='lat' dir='ltr'>probare</span> 
     </span>
    </p>
   </div>
   <div class='ocr_carea' id='block_1_6' title="bbox 0 0 1656 5192">
    <p class='ocr_par' dir='ltr' id='par_1_6' title="bbox 0 0 1656 5192">
     <span class='ocr_line' id='line_1_37' title="bbox 0 0 1656 5192; baseline 0 0"><span class='ocrx_word' id='word_1_285' title='bbox 0 0 1656 5192; x_wconf 95' lang='lat' dir='ltr'> </span> 
     </span>
    </p>
   </div>
  </div>
 </body>
</html>
