3326 5200
417 475 480 541 170
722 472 971 538 ADVERSUS
994 473 1157 536 OMNES

415 647 681 740 Apostolorum,
715 657 753 716 et
786 646 1050 740 Apocalypsim,
1084 648 1184 739 quasi
1218 647 1306 718 falsa
1339 647 1463 740 rejicit.

417 761 503 834 Post
520 761 615 833 hunc
632 761 825 857 discipulus
842 764 951 856 ipsius
976 765 1120 833 emersit
1139 763 1303 834 Marcion
1320 763 1464 856 quidam

416 881 569 963 nomine,
605 878 774 951 Ponticus
814 902 973 973 genere,
991 880 1143 974 episcopi
1183 879 1286 964 filius,
1320 888 1465 972 propter

416 1005 576 1090 stuprum
612 995 794 1088 cujusdam
824 996 968 1088 virginis
1001 995 1047 1065 ab
1074 995 1234 1067 ecclesiae
1268 996 1465 1067 communi·

283 1145 298 1178 a
321 1129 382 1178 ‚xrs
416 1114 555 1183 catione
574 1111 742 1203 abjectus.
795 1109 868 1181 Hic
886 1133 932 1182 ex
950 1113 1143 1194 occasione,
1160 1135 1231 1204 qua
1248 1112 1384 1182 dictum
1402 1112 1489 1194 sitzs

285 1227 292 1242 '
418 1227 540 1301 Omnis
570 1225 673 1298 arbor
699 1225 786 1298 bono
814 1224 917 1298 bonos
940 1225 1086 1323 fructus
1104 1225 1210 1323 sctit,
1233 1225 1326 1298 mala
1350 1235 1462 1298 cutem

414 1342 555 1422 malm·
596 1342 757 1413 hoeresim
793 1341 965 1414 Cerdonis
989 1344 1193 1436 appmbare·
1216 1353 1363 1414 conatus
1397 1351 1461 1425 est,

413 1462 538 1532 eadem
565 1459 682 1531 dicere
699 1457 791 1555 (sor.
809 1460 939 1541 dicens,
956 1457 1101 1529 Junius.
1122 1459 1199 1530 cide
1222 1464 1363 1552 notum),
1380 1483 1461 1552 quae

413 1577 474 1647 ille
501 1578 659 1669 superior
680 1575 868 1646 haereticus
898 1583 981 1645 ante
1008 1576 1156 1646 dixerat.
1209 1576 1361 1647 Exstitit
1380 1583 1461 1668 post

413 1693 507 1764 hunc
536 1693 700 1764 Lucanus
729 1691 873 1784 quidam
901 1694 1055 1774 nomine,
1085 1693 1278 1764 Marcionis
1308 1700 1510 1763 sectatorro

412 1818 519 1903 atque
549 1809 763 1903 discipulus:
790 1817 828 1880 et
857 1808 916 1880 hic
949 1831 1014 1902 per
1047 1809 1172 1878 eadem
1203 1810 1334 1879 vadens
1368 1808 1460 1880 blas-

411 1926 565 2018 phemiae
606 1949 746 2020 genera,
781 1925 906 1996 eadem
949 1924 1063 2008 docet,
1099 1947 1179 2016 quae
1215 1922 1379 1995 Marcion
1421 1933 1459 1995 et

411 2040 551 2112 Cerdon
581 2042 784 2112 docuerant.
837 2039 926 2111 Post
952 2039 1016 2111 hos
1046 2040 1272 2131 subsequitur
1301 2037 1457 2132 Apelles,

410 2156 602 2250 discipulus
614 2157 816 2240 Marcionis,
827 2160 888 2249 qui
905 2165 1135 2251 posteaquam
1152 2158 1189 2226 in
1203 2180 1344 2226 carnem
1357 2179 1457 2228 suam

409 2272 527 2365 lapsus
544 2280 609 2355 est,
627 2296 648 2342 a
666 2271 851 2342 Marcione
868 2282 1071 2366 segregatus
1089 2282 1162 2342 est:
1189 2272 1247 2342 hic
1264 2271 1457 2342 introducit
1470 2298 1504 2358 ¹5

410 2411 521 2459 unum
546 2387 664 2458 Deum
694 2387 840 2458 infinitis
863 2384 955 2482 (sor.
979 2391 1016 2458 in
1041 2389 1201 2481 infinitis)
1220 2387 1456 2480 superioribus

409 2504 587 2597 partibus:
613 2504 708 2573 hunc
724 2512 921 2596 potestates
938 2504 1069 2575 multas
1086 2504 1300 2598 angelosque
1316 2505 1456 2587 fecisse3

409 2629 596 2713 propterea
621 2629 658 2690 et
684 2618 788 2689 aliam
811 2620 980 2690 virtutem
1007 2644 1114 2712 quam
1142 2620 1237 2702 dicit,
1261 2619 1456 2689 Dominum

409 2739 505 2820 dicit,
539 2737 602 2808 sed
644 2736 810 2829 angelum
850 2739 961 2829 ponit.
1030 2736 1112 2807 Hoc
1148 2733 1239 2831 (sor.
1274 2735 1336 2806 Ab
1377 2735 1456 2816 hoc,

407 2851 556 2944 Juaim)
585 2852 662 2923 vult
688 2853 797 2924 videri
829 2853 1000 2924 mundum
1032 2854 1235 2924 institutum
1265 2854 1311 2923 ad
1340 2853 1507 2922 imita-ro

407 2970 541 3040 tionem
570 2968 694 3039 mundi
722 2969 930 3062 superioris3
964 2970 1021 3038 cui
1051 2967 1185 3038 mundo
1201 2969 1456 3060 permiscuisse

406 3086 673 3178 poenitentiam
699 3087 781 3178 quia
806 3084 1005 3155 non‘illum
1027 3094 1100 3156 tam
1124 3083 1281 3177 perfecte
1304 3085 1455 3166 fecisset,

406 3224 513 3293 quam
529 3201 590 3272 ille
608 3204 765 3295 superior
781 3204 934 3273 mundus
952 3203 1136 3272 institutus
1153 3201 1287 3272 fuisset.
1319 3199 1454 3295 Legem

406 3326 444 3387 et
472 3317 662 3411 prophetas
689 3319 862 3412 repudiat.
914 3317 1096 3390 Christum
1131 3341 1246 3410 neque
1277 3319 1315 3387 in
1344 3315 1457 3410 phan-

405 3440 556 3505 tasmate
584 3435 670 3505 dicit
697 3435 814 3518 fuisse,
843 3437 935 3506 sicut
963 3435 1137 3517 Marcion,
1165 3456 1280 3526 neque
1307 3435 1344 3503 in
1374 3431 1481 3504 sub-2
1486 3461 1504 3522 5

405 3551 535 3620 stantia
561 3553 634 3621 veri
664 3553 828 3644 corporis,
855 3560 896 3621 ut
921 3551 1144 3645 evangelium
1171 3551 1296 3633 docet;
1322 3550 1384 3620 sed
1411 3571 1456 3618 eo

404 3665 499 3757 quod
529 3689 550 3737 e
577 3667 813 3760 superioribus
840 3668 999 3760 partibus
1023 3668 1263 3748 descenderet,
1289 3667 1366 3758 ipsc
1394 3665 1455 3734 de-

404 3805 529 3853 scensu
551 3782 723 3853 sideream
741 3783 807 3853 sibi
825 3805 967 3853 carnem
990 3793 1028 3852 et
1045 3805 1184 3853 aeream
1208 3782 1454 3864 contexuisse;

402 3896 498 3969 bunc
521 3900 557 3968 in
583 3901 839 3969 resurrectione
865 3898 1011 3993 singulis
1035 3899 1233 3990 quibusque
1258 3897 1454 3980 elementis,

403 4037 484 4104 quae
514 4015 551 4083 in
578 4013 748 4086 descensu
778 4037 842 4085 suo
869 4023 1033 4086 mutuata
1060 4015 1220 4096 fuissent,
1246 4016 1284 4083 in
1306 4034 1505 4102 ascensu30

403 4129 605 4213 reddidisse,
636 4138 674 4200 et
708 4133 758 4200 sic
793 4131 956 4223 dispersis
985 4131 1183 4223 quibusque
1211 4131 1365 4222 corporis
1399 4130 1454 4198 sui

402 4246 571 4338 partibus,
593 4248 630 4318 in
656 4246 931 4340 coelospiritum
956 4255 1097 4316 tantum
1126 4244 1328 4315 reddidisse.
1381 4242 1454 4314 Hic

403 4363 516 4432 camis
533 4364 825 4433 resurrectionem
844 4369 970 4454 negat:
997 4360 1072 4432 solo
1094 4361 1209 4430 utitur
1226 4368 1264 4430 et
1281 4359 1454 4453 apostolo,
