<?xml version="1.0" encoding="UTF-8"?>
<!DOCTYPE html PUBLIC "-//W3C//DTD XHTML 1.0 Transitional//EN"
    "http://www.w3.org/TR/xhtml1/DTD/xhtml1-transitional.dtd">
<html xmlns="http://www.w3.org/1999/xhtml" xml:lang="en" lang="en">
 <head>
  <title>
</title>
<meta http-equiv="Content-Type" content="text/html;charset=utf-8" />
  <meta name='ocr-system' content='tesseract 3.04.00' />
  <meta name='ocr-capabilities' content='ocr_page ocr_carea ocr_par ocr_line ocrx_word'/>
</head>
<body>
  <div class='ocr_page' id='page_1' title='image "./scriptorumeccle00routgoog_0182.png"; bbox 0 0 3326 5200; ppageno 0'>
   <div class='ocr_carea' id='block_1_1' title="bbox 492 448 1294 518">
    <p class='ocr_par' dir='ltr' id='par_1_1' title="bbox 492 448 1294 518">
     <span class='ocr_line' id='line_1_1' title="bbox 492 448 1294 518; baseline 0.007 -7"><span class='ocrx_word' id='word_1_1' title='bbox 492 448 778 516; x_wconf 82' lang='lat' dir='ltr'>HAERETICOS</span> <span class='ocrx_word' id='word_1_2' title='bbox 803 449 1052 516; x_wconf 82' lang='lat' dir='ltr'>LIBELLUS.</span> <span class='ocrx_word' id='word_1_3' title='bbox 1231 452 1294 518; x_wconf 87' lang='grc'>165</span> 
     </span>
    </p>
   </div>
   <div class='ocr_carea' id='block_1_2' title="bbox 198 623 1297 4447">
    <p class='ocr_par' dir='ltr' id='par_1_2' title="bbox 198 623 1297 4447">
     <span class='ocr_line' id='line_1_2' title="bbox 248 623 1293 717; baseline 0 -23"><span class='ocrx_word' id='word_1_4' title='bbox 248 625 376 694; x_wconf 84' lang='lat' dir='ltr'>fuisse:</span> <span class='ocrx_word' id='word_1_5' title='bbox 403 623 555 696; x_wconf 91' lang='lat' dir='ltr'>salutem</span> <span class='ocrx_word' id='word_1_6' title='bbox 581 625 694 696; x_wconf 85' lang='lat' dir='ltr'>carnis</span> <span class='ocrx_word' id='word_1_7' title='bbox 719 624 926 717; x_wconf 88' lang='lat' dir='ltr'>sperandam</span> <span class='ocrx_word' id='word_1_8' title='bbox 952 627 1097 695; x_wconf 91' lang='lat' dir='ltr'>omnino</span> <span class='ocrx_word' id='word_1_9' title='bbox 1118 648 1189 696; x_wconf 90' lang='lat' dir='ltr'>uon</span> <span class='ocrx_word' id='word_1_10' title='bbox 1206 648 1293 696; x_wconf 89' lang='lat' dir='ltr'>esse.</span> 
     </span>
     <span class='ocr_line' id='line_1_3' title="bbox 250 740 1294 834; baseline 0.003 -24"><span class='ocrx_word' id='word_1_11' title='bbox 250 740 404 810; x_wconf 82' lang='lat' dir='ltr'>Necnon</span> <span class='ocrx_word' id='word_1_12' title='bbox 445 741 554 811; x_wconf 90' lang='lat' dir='ltr'>etiam</span> <span class='ocrx_word' id='word_1_13' title='bbox 596 741 713 834; x_wconf 86' lang='lat' dir='ltr'>erupit</span> <span class='ocrx_word' id='word_1_14' title='bbox 745 740 815 812; x_wconf 89' lang='lat' dir='ltr'>alia</span> <span class='ocrx_word' id='word_1_15' title='bbox 852 763 992 834; x_wconf 90' lang='lat' dir='ltr'>quoque</span> <span class='ocrx_word' id='word_1_16' title='bbox 1025 741 1179 826; x_wconf 88' lang='lat' dir='ltr'>haeresis,</span> <span class='ocrx_word' id='word_1_17' title='bbox 1213 766 1294 834; x_wconf 86' lang='lat' dir='ltr'>quae</span> 
     </span>
     <span class='ocr_line' id='line_1_4' title="bbox 249 855 1295 952; baseline 0.001 -25"><span class='ocrx_word' id='word_1_18' title='bbox 249 857 379 928; x_wconf 85' lang='lat' dir='ltr'>dieitur</span> <span class='ocrx_word' id='word_1_19' title='bbox 404 855 638 927; x_wconf 86' lang='lat' dir='ltr'>Cainaeorum.</span> <span class='ocrx_word' id='word_1_20' title='bbox 690 855 739 927; x_wconf 87' lang='lat' dir='ltr'>Et</span> <span class='ocrx_word' id='word_1_21' title='bbox 755 857 821 950; x_wconf 90' lang='lat' dir='ltr'>ipsi</span> <span class='ocrx_word' id='word_1_22' title='bbox 838 857 934 927; x_wconf 90' lang='lat' dir='ltr'>enim</span> <span class='ocrx_word' id='word_1_23' title='bbox 950 857 1179 952; x_wconf 84' lang='lat' dir='ltr'>magnificant</span> <span class='ocrx_word' id='word_1_24' title='bbox 1196 857 1295 942; x_wconf 89' lang='lat' dir='ltr'>Cain,</span> 
     </span>
     <span class='ocr_line' id='line_1_5' title="bbox 249 973 1296 1068; baseline 0.002 -24"><span class='ocrx_word' id='word_1_25' title='bbox 249 975 347 1066; x_wconf 88' lang='lat' dir='ltr'>qnasi</span> <span class='ocrx_word' id='word_1_26' title='bbox 375 997 422 1044; x_wconf 83' lang='lat' dir='ltr'>ox</span> <span class='ocrx_word' id='word_1_27' title='bbox 449 973 601 1066; x_wconf 88' lang='lat' dir='ltr'>quadam</span> <span class='ocrx_word' id='word_1_28' title='bbox 635 974 772 1066; x_wconf 91' lang='lat' dir='ltr'>potenti</span> <span class='ocrx_word' id='word_1_29' title='bbox 803 973 935 1044; x_wconf 88' lang='lat' dir='ltr'>virtute</span> <span class='ocrx_word' id='word_1_30' title='bbox 962 982 1184 1067; x_wconf 83' lang='lat' dir='ltr'>conceptum,</span> <span class='ocrx_word' id='word_1_31' title='bbox 1218 999 1296 1068; x_wconf 83' lang='lat' dir='ltr'>quae</span> 
     </span>
     <span class='ocr_line' id='line_1_6' title="bbox 221 1087 1296 1184; baseline -0.003 -19"><span class='ocrx_word' id='word_1_32' title='bbox 221 1099 396 1184; x_wconf 77' lang='lat' dir='ltr'>soporata</span> <span class='ocrx_word' id='word_1_33' title='bbox 423 1091 469 1161; x_wconf 91' lang='lat' dir='ltr'>sit</span> <span class='ocrx_word' id='word_1_34' title='bbox 498 1092 534 1160; x_wconf 91' lang='lat' dir='ltr'>in</span> <span class='ocrx_word' id='word_1_35' title='bbox 558 1091 655 1183; x_wconf 91' lang='lat' dir='ltr'>ipso;</span> <span class='ocrx_word' id='word_1_36' title='bbox 681 1112 763 1160; x_wconf 90' lang='lat' dir='ltr'>nam</span> <span class='ocrx_word' id='word_1_37' title='bbox 788 1087 883 1159; x_wconf 86' lang='lat' dir='ltr'><strong>Abel</strong></span> <span class='ocrx_word' id='word_1_38' title='bbox 909 1113 955 1161; x_wconf 88' lang='lat' dir='ltr'>ex</span> <span class='ocrx_word' id='word_1_39' title='bbox 980 1089 1145 1160; x_wconf 86' lang='lat' dir='ltr'>inferiore</span> <span class='ocrx_word' id='word_1_40' title='bbox 1162 1092 1296 1162; x_wconf 90' lang='lat' dir='ltr'>virtute</span> 
     </span>
     <span class='ocr_line' id='line_1_7' title="bbox 249 1206 1297 1301; baseline -0.001 -22"><span class='ocrx_word' id='word_1_41' title='bbox 249 1217 472 1300; x_wconf 83' lang='lat' dir='ltr'>conceptum,</span> <span class='ocrx_word' id='word_1_42' title='bbox 500 1216 732 1301; x_wconf 84' lang='lat' dir='ltr'>procreatum,</span> <span class='ocrx_word' id='word_1_43' title='bbox 763 1215 801 1276; x_wconf 91' lang='lat' dir='ltr'>et</span> <span class='ocrx_word' id='word_1_44' title='bbox 831 1207 911 1276; x_wconf 94' lang='lat' dir='ltr'>ideo</span> <span class='ocrx_word' id='word_1_45' title='bbox 945 1206 1146 1278; x_wconf 88' lang='lat' dir='ltr'>inferiorem</span> <span class='ocrx_word' id='word_1_46' title='bbox 1179 1231 1297 1301; x_wconf 90' lang='lat' dir='ltr'>roper-</span> 
     </span>
     <span class='ocr_line' id='line_1_8' title="bbox 250 1321 1295 1418; baseline -0.002 -22"><span class='ocrx_word' id='word_1_47' title='bbox 250 1335 339 1396; x_wconf 86' lang='lat' dir='ltr'>tum.</span> <span class='ocrx_word' id='word_1_48' title='bbox 367 1323 428 1406; x_wconf 91' lang='lat' dir='ltr'>Hi,</span> <span class='ocrx_word' id='word_1_49' title='bbox 445 1326 506 1418; x_wconf 93' lang='lat' dir='ltr'>qui</span> <span class='ocrx_word' id='word_1_50' title='bbox 522 1325 591 1394; x_wconf 86' lang='lat' dir='ltr'>hoe</span> <span class='ocrx_word' id='word_1_51' title='bbox 608 1324 785 1406; x_wconf 81' lang='lat' dir='ltr'>adserunt,</span> <span class='ocrx_word' id='word_1_52' title='bbox 803 1322 912 1394; x_wconf 91' lang='lat' dir='ltr'>etiam</span> <span class='ocrx_word' id='word_1_53' title='bbox 929 1321 953 1393; x_wconf 90' lang='lat' dir='ltr'>J</span> <span class='ocrx_word' id='word_1_54' title='bbox 955 1322 1062 1393; x_wconf 90' lang='lat' dir='ltr'>udam</span> <span class='ocrx_word' id='word_1_55' title='bbox 1079 1323 1295 1416; x_wconf 79' lang='lat' dir='ltr'>proditorem</span> 
     </span>
     <span class='ocr_line' id='line_1_9' title="bbox 250 1439 1297 1534; baseline -0.001 -22"><span class='ocrx_word' id='word_1_56' title='bbox 250 1442 474 1525; x_wconf 80' lang='lat' dir='ltr'>defendunt3</span> <span class='ocrx_word' id='word_1_57' title='bbox 516 1440 759 1512; x_wconf 77' lang='lat' dir='ltr'>admirabilem</span> <span class='ocrx_word' id='word_1_58' title='bbox 802 1439 904 1510; x_wconf 93' lang='lat' dir='ltr'>illum</span> <span class='ocrx_word' id='word_1_59' title='bbox 938 1449 976 1510; x_wconf 89' lang='lat' dir='ltr'>et</span> <span class='ocrx_word' id='word_1_60' title='bbox 1008 1462 1177 1534; x_wconf 91' lang='lat' dir='ltr'>magnum</span> <span class='ocrx_word' id='word_1_61' title='bbox 1220 1461 1297 1512; x_wconf 89' lang='lat' dir='ltr'>esse</span> 
     </span>
     <span class='ocr_line' id='line_1_10' title="bbox 249 1553 1296 1650; baseline 0.003 -27"><span class='ocrx_word' id='word_1_62' title='bbox 249 1563 487 1625; x_wconf 78' lang='lat' dir='ltr'>memorantes</span> <span class='ocrx_word' id='word_1_63' title='bbox 511 1562 655 1648; x_wconf 89' lang='lat' dir='ltr'>propter</span> <span class='ocrx_word' id='word_1_64' title='bbox 679 1553 863 1640; x_wconf 82' lang='lat' dir='ltr'>utilitates,</span> <span class='ocrx_word' id='word_1_65' title='bbox 884 1579 970 1648; x_wconf 88' lang='lat' dir='ltr'>quas</span> <span class='ocrx_word' id='word_1_66' title='bbox 994 1556 1151 1626; x_wconf 89' lang='lat' dir='ltr'>humano</span> <span class='ocrx_word' id='word_1_67' title='bbox 1175 1557 1296 1650; x_wconf 86' lang='lat' dir='ltr'>generi</span> 
     </span>
     <span class='ocr_line' id='line_1_11' title="bbox 205 1669 1296 1768; baseline 0.007 -34"><span class='ocrx_word' id='word_1_68' title='bbox 205 1695 240 1734; x_wconf 81' lang='grc' dir='ltr'>ιο</span> <span class='ocrx_word' id='word_1_69' title='bbox 250 1669 441 1743; x_wconf 83' lang='lat' dir='ltr'>contulisse</span> <span class='ocrx_word' id='word_1_70' title='bbox 451 1670 619 1763; x_wconf 77' lang='lat' dir='ltr'>jactatur.</span> <span class='ocrx_word' id='word_1_71' title='bbox 647 1671 801 1756; x_wconf 86' lang='lat' dir='ltr'>Quidam</span> <span class='ocrx_word' id='word_1_72' title='bbox 818 1674 914 1743; x_wconf 89' lang='lat' dir='ltr'>enim</span> <span class='ocrx_word' id='word_1_73' title='bbox 931 1673 1086 1766; x_wconf 89' lang='lat' dir='ltr'>ipsorum</span> <span class='ocrx_word' id='word_1_74' title='bbox 1102 1674 1296 1768; x_wconf 87' lang='lat' dir='ltr'>gratiarum</span> 
     </span>
     <span class='ocr_line' id='line_1_12' title="bbox 249 1786 1296 1881; baseline -0.001 -23"><span class='ocrx_word' id='word_1_75' title='bbox 249 1789 426 1858; x_wconf 80' lang='lat' dir='ltr'>actionem</span> <span class='ocrx_word' id='word_1_76' title='bbox 460 1786 568 1858; x_wconf 89' lang='lat' dir='ltr'>Judae</span> <span class='ocrx_word' id='word_1_77' title='bbox 602 1797 747 1881; x_wconf 90' lang='lat' dir='ltr'>propter</span> <span class='ocrx_word' id='word_1_78' title='bbox 778 1789 871 1859; x_wconf 86' lang='lat' dir='ltr'>hano</span> <span class='ocrx_word' id='word_1_79' title='bbox 904 1811 1046 1860; x_wconf 87' lang='lat' dir='ltr'>eausam</span> <span class='ocrx_word' id='word_1_80' title='bbox 1080 1789 1296 1860; x_wconf 89' lang='lat' dir='ltr'>reddendam</span> 
     </span>
     <span class='ocr_line' id='line_1_13' title="bbox 248 1903 1296 1999; baseline 0.001 -26"><span class='ocrx_word' id='word_1_81' title='bbox 248 1911 387 1996; x_wconf 88' lang='lat' dir='ltr'>putant.</span> <span class='ocrx_word' id='word_1_82' title='bbox 468 1903 767 1975; x_wconf 88' lang='lat' dir='ltr'>Animadvertens</span> <span class='ocrx_word' id='word_1_83' title='bbox 809 1906 915 1990; x_wconf 90' lang='lat' dir='ltr'>enim,</span> <span class='ocrx_word' id='word_1_84' title='bbox 957 1906 1132 1999; x_wconf 91' lang='lat' dir='ltr'>inquiunt,</span> <span class='ocrx_word' id='word_1_85' title='bbox 1173 1903 1296 1988; x_wconf 77' lang='lat' dir='ltr'>ludas,</span> 
     </span>
     <span class='ocr_line' id='line_1_14' title="bbox 249 2018 1297 2111; baseline 0.002 -23"><span class='ocrx_word' id='word_1_86' title='bbox 249 2021 343 2111; x_wconf 94' lang='lat' dir='ltr'>quod</span> <span class='ocrx_word' id='word_1_87' title='bbox 370 2018 532 2091; x_wconf 88' lang='lat' dir='ltr'>Christus</span> <span class='ocrx_word' id='word_1_88' title='bbox 560 2019 668 2090; x_wconf 89' lang='lat' dir='ltr'>vellet</span> <span class='ocrx_word' id='word_1_89' title='bbox 694 2021 882 2092; x_wconf 90' lang='lat' dir='ltr'>veritatem</span> <span class='ocrx_word' id='word_1_90' title='bbox 910 2021 1125 2104; x_wconf 87' lang='lat' dir='ltr'>subvertere,</span> <span class='ocrx_word' id='word_1_91' title='bbox 1151 2020 1297 2091; x_wconf 89' lang='lat' dir='ltr'>tradidit</span> 
     </span>
     <span class='ocr_line' id='line_1_15' title="bbox 249 2135 1297 2229; baseline 0.003 -24"><span class='ocrx_word' id='word_1_92' title='bbox 249 2135 362 2218; x_wconf 92' lang='lat' dir='ltr'>illum,</span> <span class='ocrx_word' id='word_1_93' title='bbox 379 2159 425 2206; x_wconf 91' lang='lat' dir='ltr'>no</span> <span class='ocrx_word' id='word_1_94' title='bbox 450 2136 607 2208; x_wconf 88' lang='lat' dir='ltr'>subverti</span> <span class='ocrx_word' id='word_1_95' title='bbox 626 2138 754 2208; x_wconf 87' lang='lat' dir='ltr'>veritas</span> <span class='ocrx_word' id='word_1_96' title='bbox 776 2145 905 2229; x_wconf 87' lang='lat' dir='ltr'>posset.</span> <span class='ocrx_word' id='word_1_97' title='bbox 957 2135 1006 2207; x_wconf 90' lang='lat' dir='ltr'>Et</span> <span class='ocrx_word' id='word_1_98' title='bbox 1023 2136 1083 2207; x_wconf 91' lang='lat' dir='ltr'>alii</span> <span class='ocrx_word' id='word_1_99' title='bbox 1106 2139 1156 2209; x_wconf 88' lang='lat' dir='ltr'>sio</span> <span class='ocrx_word' id='word_1_100' title='bbox 1174 2147 1297 2209; x_wconf 86' lang='lat' dir='ltr'>eontra</span> 
     </span>
     <span class='ocr_line' id='line_1_16' title="bbox 205 2253 1295 2347; baseline 0.002 -25"><span class='ocrx_word' id='word_1_101' title='bbox 205 2253 430 2346; x_wconf 71' lang='lat' dir='ltr'>isdisputant</span> <span class='ocrx_word' id='word_1_102' title='bbox 459 2262 497 2323; x_wconf 91' lang='lat' dir='ltr'>et</span> <span class='ocrx_word' id='word_1_103' title='bbox 526 2253 672 2324; x_wconf 92' lang='lat' dir='ltr'>dionnt:</span> <span class='ocrx_word' id='word_1_104' title='bbox 700 2254 783 2346; x_wconf 87' lang='lat' dir='ltr'>quia</span> <span class='ocrx_word' id='word_1_105' title='bbox 811 2261 1007 2347; x_wconf 88' lang='lat' dir='ltr'>potestates</span> <span class='ocrx_word' id='word_1_106' title='bbox 1039 2253 1295 2346; x_wconf 89' lang='lat' dir='ltr'>hujusmundi</span> 
     </span>
     <span class='ocr_line' id='line_1_17' title="bbox 247 2368 1297 2465; baseline 0.002 -27"><span class='ocrx_word' id='word_1_107' title='bbox 247 2368 417 2438; x_wconf 89' lang='lat' dir='ltr'>nolebant</span> <span class='ocrx_word' id='word_1_108' title='bbox 433 2370 507 2462; x_wconf 89' lang='lat' dir='ltr'>pati</span> <span class='ocrx_word' id='word_1_109' title='bbox 525 2369 717 2452; x_wconf 85' lang='lat' dir='ltr'>Christum,</span> <span class='ocrx_word' id='word_1_110' title='bbox 735 2393 780 2440; x_wconf 91' lang='lat' dir='ltr'>ne</span> <span class='ocrx_word' id='word_1_111' title='bbox 805 2370 960 2442; x_wconf 88' lang='lat' dir='ltr'>humano</span> <span class='ocrx_word' id='word_1_112' title='bbox 981 2372 1103 2465; x_wconf 85' lang='lat' dir='ltr'>generi</span> <span class='ocrx_word' id='word_1_113' title='bbox 1124 2394 1188 2464; x_wconf 88' lang='lat' dir='ltr'>per</span> <span class='ocrx_word' id='word_1_114' title='bbox 1203 2393 1297 2441; x_wconf 91' lang='lat' dir='ltr'>mor-</span> 
     </span>
     <span class='ocr_line' id='line_1_18' title="bbox 247 2485 1296 2582; baseline 0.002 -28"><span class='ocrx_word' id='word_1_115' title='bbox 247 2493 322 2554; x_wconf 87' lang='lat' dir='ltr'>tem</span> <span class='ocrx_word' id='word_1_116' title='bbox 349 2487 457 2578; x_wconf 89' lang='lat' dir='ltr'>ipsins</span> <span class='ocrx_word' id='word_1_117' title='bbox 482 2486 576 2558; x_wconf 91' lang='lat' dir='ltr'>salus</span> <span class='ocrx_word' id='word_1_118' title='bbox 601 2497 793 2580; x_wconf 87' lang='lat' dir='ltr'>pararetur,</span> <span class='ocrx_word' id='word_1_119' title='bbox 814 2486 919 2558; x_wconf 87' lang='lat' dir='ltr'>saluti</span> <span class='ocrx_word' id='word_1_120' title='bbox 946 2485 1132 2558; x_wconf 83' lang='lat' dir='ltr'>consulens</span> <span class='ocrx_word' id='word_1_121' title='bbox 1156 2488 1296 2582; x_wconf 88' lang='lat' dir='ltr'>generis</span> 
     </span>
     <span class='ocr_line' id='line_1_19' title="bbox 246 2599 1296 2698; baseline 0.004 -29"><span class='ocrx_word' id='word_1_122' title='bbox 246 2599 393 2672; x_wconf 88' lang='lat' dir='ltr'>humani</span> <span class='ocrx_word' id='word_1_123' title='bbox 423 2603 568 2673; x_wconf 89' lang='lat' dir='ltr'>tradidit</span> <span class='ocrx_word' id='word_1_124' title='bbox 598 2602 790 2686; x_wconf 87' lang='lat' dir='ltr'>Christum,</span> <span class='ocrx_word' id='word_1_125' title='bbox 816 2612 858 2674; x_wconf 91' lang='lat' dir='ltr'>ut</span> <span class='ocrx_word' id='word_1_126' title='bbox 887 2604 990 2687; x_wconf 88' lang='lat' dir='ltr'>salus,</span> <span class='ocrx_word' id='word_1_127' title='bbox 1021 2628 1099 2697; x_wconf 84' lang='lat' dir='ltr'>quae</span> <span class='ocrx_word' id='word_1_128' title='bbox 1126 2604 1296 2698; x_wconf 91' lang='lat' dir='ltr'>impedie-</span> 
     </span>
     <span class='ocr_line' id='line_1_20' title="bbox 247 2717 1297 2814; baseline 0.005 -27"><span class='ocrx_word' id='word_1_129' title='bbox 247 2717 353 2788; x_wconf 90' lang='lat' dir='ltr'>batur</span> <span class='ocrx_word' id='word_1_130' title='bbox 384 2741 448 2812; x_wconf 89' lang='lat' dir='ltr'>per</span> <span class='ocrx_word' id='word_1_131' title='bbox 477 2721 637 2806; x_wconf 87' lang='lat' dir='ltr'>virtutes,</span> <span class='ocrx_word' id='word_1_132' title='bbox 667 2745 748 2813; x_wconf 85' lang='lat' dir='ltr'>quae</span> <span class='ocrx_word' id='word_1_133' title='bbox 779 2721 1006 2804; x_wconf 88' lang='lat' dir='ltr'>obsistebant,</span> <span class='ocrx_word' id='word_1_134' title='bbox 1035 2744 1081 2792; x_wconf 88' lang='lat' dir='ltr'>ne</span> <span class='ocrx_word' id='word_1_135' title='bbox 1114 2729 1297 2814; x_wconf 89' lang='lat' dir='ltr'>pateretur</span> 
     </span>
     <span class='ocr_line' id='line_1_21' title="bbox 203 2833 1296 2932; baseline 0.006 -32"><span class='ocrx_word' id='word_1_136' title='bbox 203 2857 239 2900; x_wconf 85' lang='lat'>20</span> <span class='ocrx_word' id='word_1_137' title='bbox 248 2833 419 2918; x_wconf 89' lang='lat' dir='ltr'>Christus,</span> <span class='ocrx_word' id='word_1_138' title='bbox 445 2837 607 2929; x_wconf 91' lang='lat' dir='ltr'>impediri</span> <span class='ocrx_word' id='word_1_139' title='bbox 638 2838 781 2908; x_wconf 90' lang='lat' dir='ltr'>omnino</span> <span class='ocrx_word' id='word_1_140' title='bbox 807 2861 878 2908; x_wconf 93' lang='lat' dir='ltr'>non</span> <span class='ocrx_word' id='word_1_141' title='bbox 901 2846 1038 2930; x_wconf 90' lang='lat' dir='ltr'>posset:</span> <span class='ocrx_word' id='word_1_142' title='bbox 1065 2845 1103 2908; x_wconf 89' lang='lat' dir='ltr'>et</span> <span class='ocrx_word' id='word_1_143' title='bbox 1125 2838 1206 2910; x_wconf 87' lang='lat' dir='ltr'>ideo</span> <span class='ocrx_word' id='word_1_144' title='bbox 1232 2861 1296 2932; x_wconf 91' lang='lat' dir='ltr'>per</span> 
     </span>
     <span class='ocr_line' id='line_1_22' title="bbox 246 2951 1295 3048; baseline 0.004 -27"><span class='ocrx_word' id='word_1_145' title='bbox 246 2952 444 3042; x_wconf 88' lang='lat' dir='ltr'>passionem</span> <span class='ocrx_word' id='word_1_146' title='bbox 470 2951 602 3022; x_wconf 88' lang='lat' dir='ltr'>Christi</span> <span class='ocrx_word' id='word_1_147' title='bbox 628 2974 699 3022; x_wconf 92' lang='lat' dir='ltr'>non</span> <span class='ocrx_word' id='word_1_148' title='bbox 725 2961 843 3045; x_wconf 88' lang='lat' dir='ltr'>posset</span> <span class='ocrx_word' id='word_1_149' title='bbox 867 2952 960 3024; x_wconf 88' lang='lat' dir='ltr'>salus</span> <span class='ocrx_word' id='word_1_150' title='bbox 984 2953 1131 3024; x_wconf 89' lang='lat' dir='ltr'>humani</span> <span class='ocrx_word' id='word_1_151' title='bbox 1156 2956 1295 3048; x_wconf 90' lang='lat' dir='ltr'>generis</span> 
     </span>
     <span class='ocr_line' id='line_1_23' title="bbox 247 3068 1296 3162; baseline 0.004 -26"><span class='ocrx_word' id='word_1_152' title='bbox 247 3068 425 3138; x_wconf 88' lang='lat' dir='ltr'>retardari.</span> <span class='ocrx_word' id='word_1_153' title='bbox 477 3068 550 3139; x_wconf 86' lang='lat' dir='ltr'>Sed</span> <span class='ocrx_word' id='word_1_154' title='bbox 568 3076 604 3140; x_wconf 90' lang='lat' dir='ltr'>et</span> <span class='ocrx_word' id='word_1_155' title='bbox 622 3068 684 3139; x_wconf 89' lang='lat' dir='ltr'>illa</span> <span class='ocrx_word' id='word_1_156' title='bbox 703 3068 848 3140; x_wconf 82' lang='lat' dir='ltr'>haeresis</span> <span class='ocrx_word' id='word_1_157' title='bbox 869 3071 1049 3161; x_wconf 90' lang='lat' dir='ltr'>prooessit,</span> <span class='ocrx_word' id='word_1_158' title='bbox 1066 3091 1144 3162; x_wconf 84' lang='lat' dir='ltr'>quae</span> <span class='ocrx_word' id='word_1_159' title='bbox 1166 3070 1296 3140; x_wconf 86' lang='lat' dir='ltr'>dieitur</span> 
     </span>
     <span class='ocr_line' id='line_1_24' title="bbox 247 3181 1294 3279; baseline 0.002 -25"><span class='ocrx_word' id='word_1_160' title='bbox 247 3181 500 3260; x_wconf 89' lang='lat' dir='ltr'>Sethoitarum.</span> <span class='ocrx_word' id='word_1_161' title='bbox 554 3185 672 3279; x_wconf 88' lang='lat' dir='ltr'>Hujus</span> <span class='ocrx_word' id='word_1_162' title='bbox 689 3185 928 3278; x_wconf 85' lang='lat' dir='ltr'>perversitatis</span> <span class='ocrx_word' id='word_1_163' title='bbox 945 3183 1106 3256; x_wconf 84' lang='lat' dir='ltr'>doctrina</span> <span class='ocrx_word' id='word_1_164' title='bbox 1121 3184 1196 3256; x_wconf 82' lang='lat' dir='ltr'>haeo</span> <span class='ocrx_word' id='word_1_165' title='bbox 1219 3193 1294 3257; x_wconf 88' lang='lat' dir='ltr'>est:</span> 
     </span>
     <span class='ocr_line' id='line_1_25' title="bbox 246 3299 1295 3396; baseline -0.004 -21"><span class='ocrx_word' id='word_1_166' title='bbox 246 3304 348 3376; x_wconf 93' lang='lat' dir='ltr'>Duos</span> <span class='ocrx_word' id='word_1_167' title='bbox 364 3303 526 3375; x_wconf 91' lang='lat' dir='ltr'>homines</span> <span class='ocrx_word' id='word_1_168' title='bbox 543 3303 588 3372; x_wconf 86' lang='lat' dir='ltr'>ab</span> <span class='ocrx_word' id='word_1_169' title='bbox 611 3301 745 3396; x_wconf 89' lang='lat' dir='ltr'>angelis</span> <span class='ocrx_word' id='word_1_170' title='bbox 768 3301 990 3384; x_wconf 79' lang='lat' dir='ltr'>constitutos,</span> <span class='ocrx_word' id='word_1_171' title='bbox 1008 3299 1096 3372; x_wconf 89' lang='lat' dir='ltr'>Cain</span> <span class='ocrx_word' id='word_1_172' title='bbox 1123 3309 1161 3371; x_wconf 98' lang='lat' dir='ltr'>et</span> <span class='ocrx_word' id='word_1_173' title='bbox 1177 3301 1295 3386; x_wconf 89' lang='lat' dir='ltr'>Abel;</span> 
     </span>
     <span class='ocr_line' id='line_1_26' title="bbox 201 3415 1295 3516; baseline -0.004 -24"><span class='ocrx_word' id='word_1_174' title='bbox 201 3441 236 3500; x_wconf 81' lang='lat'>25</span> <span class='ocrx_word' id='word_1_175' title='bbox 247 3431 391 3516; x_wconf 91' lang='lat' dir='ltr'>proptor</span> <span class='ocrx_word' id='word_1_176' title='bbox 402 3422 468 3492; x_wconf 89' lang='lat' dir='ltr'>hos</span> <span class='ocrx_word' id='word_1_177' title='bbox 484 3443 630 3515; x_wconf 90' lang='lat' dir='ltr'>magnas</span> <span class='ocrx_word' id='word_1_178' title='bbox 647 3421 740 3490; x_wconf 89' lang='lat' dir='ltr'>inter</span> <span class='ocrx_word' id='word_1_179' title='bbox 756 3415 900 3511; x_wconf 83' lang='lat' dir='ltr'>angelos</span> <span class='ocrx_word' id='word_1_180' title='bbox 913 3416 1158 3487; x_wconf 81' lang='lat' dir='ltr'>contentiones</span> <span class='ocrx_word' id='word_1_181' title='bbox 1175 3425 1213 3488; x_wconf 91' lang='lat' dir='ltr'>et</span> <span class='ocrx_word' id='word_1_182' title='bbox 1226 3417 1295 3488; x_wconf 94' lang='lat' dir='ltr'>dis-</span> 
     </span>
     <span class='ocr_line' id='line_1_27' title="bbox 248 3531 1294 3619; baseline -0.005 -10"><span class='ocrx_word' id='word_1_183' title='bbox 248 3539 383 3609; x_wconf 85' lang='lat' dir='ltr'>cordius</span> <span class='ocrx_word' id='word_1_184' title='bbox 411 3538 594 3619; x_wconf 87' lang='lat' dir='ltr'>extitisse;</span> <span class='ocrx_word' id='word_1_185' title='bbox 619 3534 665 3606; x_wconf 92' lang='lat' dir='ltr'>ob</span> <span class='ocrx_word' id='word_1_186' title='bbox 691 3534 783 3604; x_wconf 88' lang='lat' dir='ltr'>hano</span> <span class='ocrx_word' id='word_1_187' title='bbox 811 3555 963 3616; x_wconf 87' lang='lat' dir='ltr'>oausam,</span> <span class='ocrx_word' id='word_1_188' title='bbox 991 3531 1088 3602; x_wconf 90' lang='lat' dir='ltr'>illam</span> <span class='ocrx_word' id='word_1_189' title='bbox 1114 3531 1294 3616; x_wconf 84' lang='lat' dir='ltr'>virtutem,</span> 
     </span>
     <span class='ocr_line' id='line_1_28' title="bbox 248 3653 1297 3748; baseline -0.004 -24"><span class='ocrx_word' id='word_1_190' title='bbox 248 3679 325 3747; x_wconf 82' lang='lat' dir='ltr'>quae</span> <span class='ocrx_word' id='word_1_191' title='bbox 346 3677 451 3748; x_wconf 87' lang='lat' dir='ltr'>super</span> <span class='ocrx_word' id='word_1_192' title='bbox 472 3675 595 3724; x_wconf 89' lang='lat' dir='ltr'>omnes</span> <span class='ocrx_word' id='word_1_193' title='bbox 613 3653 761 3723; x_wconf 88' lang='lat' dir='ltr'>virtutes</span> <span class='ocrx_word' id='word_1_194' title='bbox 787 3657 890 3732; x_wconf 86' lang='lat' dir='ltr'>esset,</span> <span class='ocrx_word' id='word_1_195' title='bbox 907 3671 1014 3741; x_wconf 89' lang='lat' dir='ltr'>quam</span> <span class='ocrx_word' id='word_1_196' title='bbox 1039 3659 1191 3720; x_wconf 91' lang='lat' dir='ltr'>matrem</span> <span class='ocrx_word' id='word_1_197' title='bbox 1215 3671 1297 3742; x_wconf 91' lang='lat' dir='ltr'>pro-</span> 
     </span>
     <span class='ocr_line' id='line_1_29' title="bbox 248 3762 1294 3860; baseline -0.005 -19"><span class='ocrx_word' id='word_1_198' title='bbox 248 3773 423 3854; x_wconf 87' lang='lat' dir='ltr'>nuntiant,</span> <span class='ocrx_word' id='word_1_199' title='bbox 442 3770 527 3840; x_wconf 93' lang='lat' dir='ltr'>dum</span> <span class='ocrx_word' id='word_1_200' title='bbox 550 3767 645 3841; x_wconf 89' lang='lat' dir='ltr'>Abel</span> <span class='ocrx_word' id='word_1_201' title='bbox 671 3767 899 3838; x_wconf 81' lang='lat' dir='ltr'>interfectum</span> <span class='ocrx_word' id='word_1_202' title='bbox 925 3766 1084 3836; x_wconf 83' lang='lat' dir='ltr'>dicerent</span> <span class='ocrx_word' id='word_1_203' title='bbox 1102 3762 1194 3860; x_wconf 82' lang='lat' dir='ltr'>(sor.</span> <span class='ocrx_word' id='word_1_204' title='bbox 1212 3788 1294 3836; x_wconf 86' lang='lat' dir='ltr'>cum</span> 
     </span>
     <span class='ocr_line' id='line_1_30' title="bbox 246 3880 1294 3980; baseline -0.004 -22"><span class='ocrx_word' id='word_1_205' title='bbox 246 3889 474 3980; x_wconf 83' lang='lat' dir='ltr'>-disceret)‚</span> <span class='ocrx_word' id='word_1_206' title='bbox 493 3885 643 3957; x_wconf 90' lang='lat' dir='ltr'>voluisse</span> <span class='ocrx_word' id='word_1_207' title='bbox 669 3885 806 3977; x_wconf 90' lang='lat' dir='ltr'>oonoipi</span> <span class='ocrx_word' id='word_1_208' title='bbox 828 3892 866 3954; x_wconf 90' lang='lat' dir='ltr'>et</span> <span class='ocrx_word' id='word_1_209' title='bbox 883 3883 977 3954; x_wconf 85' lang='lat' dir='ltr'>nasei</span> <span class='ocrx_word' id='word_1_210' title='bbox 994 3882 1090 3953; x_wconf 89' lang='lat' dir='ltr'>huno</span> <span class='ocrx_word' id='word_1_211' title='bbox 1108 3880 1198 3951; x_wconf 86' lang='lat' dir='ltr'>Seth</span> <span class='ocrx_word' id='word_1_212' title='bbox 1215 3881 1294 3954; x_wconf 87' lang='lat' dir='ltr'>loeo</span> 
     </span>
     <span class='ocr_line' id='line_1_31' title="bbox 198 3999 1295 4094; baseline -0.014 -12"><span class='ocrx_word' id='word_1_213' title='bbox 198 4026 237 4082; x_wconf 82' lang='lat'>30</span> <span class='ocrx_word' id='word_1_214' title='bbox 248 4005 383 4090; x_wconf 81' lang='lat' dir='ltr'>Abelis,</span> <span class='ocrx_word' id='word_1_215' title='bbox 401 4015 442 4076; x_wconf 95' lang='lat' dir='ltr'>ut</span> <span class='ocrx_word' id='word_1_216' title='bbox 459 4010 713 4076; x_wconf 76' lang='lat' dir='ltr'>evacuarentur</span> <span class='ocrx_word' id='word_1_217' title='bbox 737 3999 865 4094; x_wconf 86' lang='lat' dir='ltr'>angeli·</span> <span class='ocrx_word' id='word_1_218' title='bbox 880 3999 942 4083; x_wconf 90' lang='lat' dir='ltr'>illi,</span> <span class='ocrx_word' id='word_1_219' title='bbox 963 4001 1024 4090; x_wconf 89' lang='lat' dir='ltr'>qui</span> <span class='ocrx_word' id='word_1_220' title='bbox 1049 3999 1137 4068; x_wconf 92' lang='lat' dir='ltr'>duos</span> <span class='ocrx_word' id='word_1_221' title='bbox 1163 3999 1295 4091; x_wconf 90' lang='lat' dir='ltr'>priores</span> 
     </span>
     <span class='ocr_line' id='line_1_32' title="bbox 248 4113 1294 4200; baseline -0.009 -8"><span class='ocrx_word' id='word_1_222' title='bbox 248 4122 327 4192; x_wconf 91' lang='lat' dir='ltr'>illos</span> <span class='ocrx_word' id='word_1_223' title='bbox 357 4122 518 4194; x_wconf 89' lang='lat' dir='ltr'>homines</span> <span class='ocrx_word' id='word_1_224' title='bbox 547 4119 806 4200; x_wconf 83' lang='lat' dir='ltr'>condidissent3</span> <span class='ocrx_word' id='word_1_225' title='bbox 832 4117 917 4186; x_wconf 91' lang='lat' dir='ltr'>dum</span> <span class='ocrx_word' id='word_1_226' title='bbox 944 4113 1012 4184; x_wconf 92' lang='lat' dir='ltr'>hoo</span> <span class='ocrx_word' id='word_1_227' title='bbox 1042 4136 1164 4185; x_wconf 83' lang='lat' dir='ltr'>semen</span> <span class='ocrx_word' id='word_1_228' title='bbox 1191 4137 1294 4184; x_wconf 91' lang='lat' dir='ltr'>mun-</span> 
     </span>
     <span class='ocr_line' id='line_1_33' title="bbox 247 4230 1292 4308; baseline -0.008 0"><span class='ocrx_word' id='word_1_229' title='bbox 247 4238 333 4308; x_wconf 90' lang='lat' dir='ltr'>dum</span> <span class='ocrx_word' id='word_1_230' title='bbox 350 4237 500 4307; x_wconf 91' lang='lat' dir='ltr'>moritur</span> <span class='ocrx_word' id='word_1_231' title='bbox 516 4243 554 4304; x_wconf 90' lang='lat' dir='ltr'>ot</span> <span class='ocrx_word' id='word_1_232' title='bbox 571 4233 735 4303; x_wconf 85' lang='lat' dir='ltr'>nascitur.</span> <span class='ocrx_word' id='word_1_233' title='bbox 780 4230 1039 4301; x_wconf 87' lang='lat' dir='ltr'>Permixtiones</span> <span class='ocrx_word' id='word_1_234' title='bbox 1056 4231 1151 4300; x_wconf 91' lang='lat' dir='ltr'>enim</span> <span class='ocrx_word' id='word_1_235' title='bbox 1168 4231 1292 4301; x_wconf 89' lang='lat' dir='ltr'>diount</span> 
     </span>
     <span class='ocr_line' id='line_1_34' title="bbox 245 4347 1291 4447; baseline -0.007 -23"><span class='ocrx_word' id='word_1_236' title='bbox 245 4353 453 4447; x_wconf 89' lang='lat' dir='ltr'>angelorum</span> <span class='ocrx_word' id='word_1_237' title='bbox 484 4360 521 4422; x_wconf 86' lang='lat' dir='ltr'>et</span> <span class='ocrx_word' id='word_1_238' title='bbox 550 4349 734 4420; x_wconf 91' lang='lat' dir='ltr'>hominum</span> <span class='ocrx_word' id='word_1_239' title='bbox 769 4348 904 4440; x_wconf 89' lang='lat' dir='ltr'>iniquas</span> <span class='ocrx_word' id='word_1_240' title='bbox 935 4347 1067 4418; x_wconf 88' lang='lat' dir='ltr'>fuisse:</span> <span class='ocrx_word' id='word_1_241' title='bbox 1105 4347 1150 4417; x_wconf 91' lang='lat' dir='ltr'>ob</span> <span class='ocrx_word' id='word_1_242' title='bbox 1185 4367 1291 4440; x_wconf 90' lang='lat' dir='ltr'>quam</span> 
     </span>
    </p>
   </div>
   <div class='ocr_carea' id='block_1_3' title="bbox 0 0 1671 5200">
    <p class='ocr_par' dir='ltr' id='par_1_3' title="bbox 0 0 1671 5200">
     <span class='ocr_line' id='line_1_35' title="bbox 0 0 1671 5200; baseline 0 0"><span class='ocrx_word' id='word_1_243' title='bbox 0 0 1671 5200; x_wconf 95' lang='lat' dir='ltr'> </span> 
     </span>
    </p>
   </div>
  </div>
 </body>
</html>
