3326 5200
339 477 389 539 ΙΝ
414 475 756 540 TERTULLIANI
781 475 845 540 DE
866 477 1129 542 ORATIONE.
1193 479 1258 545 177

205 669 300 711 soemo
314 657 365 725 eet,
381 647 590 732 quodeunque
604 647 748 722 senseris,
764 647 848 713 ratio
863 655 913 712 est
924 671 992 734 cap.
1004 666 1036 734 5.
1072 647 1254 728 Quinetiam

207 733 290 796 infra
303 733 352 798 ait
371 732 594 810 Tertullianus,
616 743 763 818 quactum
781 733 997 820 ndnmcpitor
1015 731 1121 810 cerba,
1137 743 1255 798 motem

206 819 397 902 deffenditer
409 817 551 884 secribus.
597 819 762 904 Reponere
776 843 851 884 vero
870 821 938 884 vult
959 821 1093 886 Latinus
1109 819 1255 885 Latinius

207 906 239 968 in
254 903 442 970 Bibliotheca
456 927 515 970 sua
526 907 625 970 Socra
640 915 669 970 et
679 906 824 992 Prosooe
832 929 862 991 p.
878 927 949 988 194.
960 929 1022 992 quc
1029 907 1182 1006 prmoooit
1196 929 1255 993 pro

207 991 279 1068 isto,
295 1013 357 1077 quc
378 992 468 1055 cecil.
514 991 647 1056 Habent
667 992 758 1057 editt.
774 992 958 1078 Rigaltiane
977 992 1181 1077 entrquiores,
1198 1015 1256 1079 quo

208 1077 299 1141 cecil.
344 1077 459 1141 Posuit
484 1077 652 1163 Rigaltius,
674 1086 837 1163 praeeunte
862 1077 952 1143 Junii
976 1079 1167 1162 conjectura,
1193 1101 1255 1165 que

208 1163 298 1227 acad.
343 1163 392 1228 At
406 1185 480 1227 vero
495 1163 529 1226 in
542 1164 611 1228 loeo
626 1164 736 1228 stetim
756 1173 830 1251 post
848 1173 1008 1249 sequente,
1023 1165 1083 1229 hoo
1102 1172 1204 1242 extat,
1219 1187 1256 1228 eo

207 1250 333 1328 calmae,
346 1271 407 1335 quo
415 1249 590 1350 accipitur,
600 1251 654 1314 ubi
666 1272 738 1314 oum
753 1251 892 1336 positum
907 1257 990 1314 esset
1001 1250 1036 1314 in
1045 1250 1137 1316 editt.
1150 1251 1255 1336 proxi-

208 1334 567 1486 ffmwl'tbipnltmm,
580 1357 616 1400 ec
636 1337 761 1414 calmae,
853 1337 982 1414 docem
1000 1343 1120 1422 postea,
1136 1359 1206 1401 cum
1222 1337 1255 1401 in

208 1507 302 1572 editis
324 1508 515 1573 ostendisset
534 1508 558 1572 J
560 1529 678 1574 oannes
698 1509 900 1574 Wouwerius
921 1509 954 1572 in
970 1509 1041 1574 MS.
1058 1531 1116 1573 suo
1132 1509 1162 1573 le
1185 1509 1203 1588 ⁸,
1219 1531 1256 1573 ec

208 1595 325 1658 ratione
339 1615 401 1679 qvo
419 1595 593 1680 meoipe'tar,
609 1593 628 1657 i⁴
644 1616 672 1658 e.
693 1595 899 1680 intelligitur3
923 1595 983 1659 hoc
1001 1595 1129 1680 quidem
1178 1595 1255 1681 igal-

208 1679 273 1743 tius
288 1679 321 1743 in
335 1685 460 1744 textum
475 1679 603 1766 recepit,
638 1679 752 1746 lurima
766 1688 799 1746 et
813 1681 888 1745 alibi
903 1681 936 1745 in
951 1681 1137 1746 Tertulliani
1151 1702 1255 1745 emen-

208 1765 337 1830 datione
352 1766 454 1830 eidem
468 1765 536 1831 viro
553 1701 679 1832 erudito
699 1768 826 1832 debens.
872 1767 1014 1832 Maxime
1028 1774 1136 1832 autem
1150 1767 1256 1831 favere

209 1851 276 1916 hac
290 1851 387 1916 verba
398 1851 584 1917 correctioni
596 1873 674 1918 meve
686 1853 863 1919 existimem
876 1880 885 1927 ;
903 1875 973 1938 quse
982 1860 1090 1918 tamen
1102 1852 1136 1917 in
1146 1853 1256 1937 primis

208 1936 400 2002 editionibus
422 1938 652 2003 desiderantur.

253 2023 290 2088 P.
306 2043 375 2088 101.
391 2024 412 2088 l.
425 2043 476 2089 21.
491 2046 562 2088 exa
584 2025 669 2102 iritu,
686 2047 749 2109 quo
763 2031 891 2089 tantum
912 2027 1031 2110 potest]
1057 2023 1194 2090 Pulchre
1208 2025 1256 2090 ait

210 2109 422 2174 Tertullianus
437 2110 528 2186 infra,
544 2047 630 2175 lion
643 2110 721 2175 solos
735 2110 837 2175 docere
845 2111 957 2196 poleda
974 2121 1007 2174 at
1020 2131 1050 2174 ee
1064 2111 1150 2175 vellet
1159 2111 1254 2175 orori

209 2194 259 2259 Ab
273 2197 339 2280 ipso
352 2197 450 2282 nitor
462 2197 607 2262 ordinato
621 2197 728 2283 relipio
747 2197 901 2275 maionis,
917 2206 945 2262 et
959 2195 996 2260 de
1015 2197 1129 2283 spirito
1148 2197 1255 2282 paics,

202 2280 273 2365 ybm
286 2291 358 2346 luae
372 2304 439 2347 eom
454 2305 490 2347 ee
507 2305 558 2347 ore
576 2284 681 2348 dioiao
694 2284 844 2367 serretcr,
859 2285 1009 2361 animae,
1024 2305 1077 2346 eveo
1089 2283 1256 2369 prioileqio

208 2367 344 2432 cecedit
367 2369 403 2432 ia
427 2369 541 2448 colom,
561 2369 768 2436 commordeas
791 2370 888 2434 Parsa·
915 2391 984 2456 quoe
1009 2369 1116 2434 Filius
1144 2368 1255 2434 decad

209 2475 247 2517 ca
271 2503 278 2518 .
294 2472 323 2537 9.

443 1443 478 1484 ue
497 1421 684 1508 Jdpidietc'eie
699 1422 745 1487 ed
811 1445 865 1488 erc
883 1423 1069 1488 Tertulliani
1087 1445 1140 1486 an.
1159 1424 1252 1487 1608.

285 2587 292 2603 .
309 2557 377 2604 102.
394 2539 413 2602 l.
430 2561 479 2604 11.
501 2561 534 2604 se
557 2549 652 2606 uente
671 2541 795 2627 sophia]
815 2541 960 2606 Scribere
978 2541 1046 2606 vult
1066 2539 1257 2605 Franciscua

209 2623 336 2700 Junius,
351 2647 472 2711 aequem
486 2563 591 2712 sopita
610 2628 795 2714 insequenti
810 2637 963 2713 precepto
975 2627 1109 2712 prolem
1122 2627 1258 2712 pertinet

210 2711 254 2776 od
266 2711 364 2794 fidem
378 2721 406 2776 et
424 2713 598 2776 modestiam
603 2714 699 2798 fidei.
737 2713 884 2778 Aberant
903 2713 986 2776 enim
1004 2714 1046 2777 ab
1066 2713 1257 2777 editionibus

209 2804 285 2862 ante
300 2797 476 2884 Rigaltium
490 2820 591 2876 voces,
607 2800 687 2885 qood
700 2801 763 2876 elsi,
776 2799 929 2884 additque
943 2799 967 2862 J
968 2799 1070 2874 unius,
1087 2807 1107 2834 “
1139 2798 1255 2876 νοὶπιίθ,

212 2883 273 2946 “id
301 2890 359 2961 est,
383 2883 525 2970 perinde,
548 2907 638 2970 aeque
664 2908 701 2949 ao
728 2886 781 2949 illa
806 2885 1016 2970 praecedens?
1058 2821 1171 2949 Malim
1198 2906 1257 2970 ego

210 2969 391 3046 rescribere,
416 2981 565 3072 ceqoemea
589 2971 725 3056 oopliom
754 2972 789 3034 io
816 2971 949 3070 ecqueolc'
970 2981 1136 3070 proeecpto.
1179 2969 1258 3033 Jam

211 3062 442 3226 mltll‘ffi:
458 3055 1102 3227 llll'ltbrffltt'ttlltl.
1115 3163 1174 3206 a.
1193 3140 1258 3206 a.

210 3227 298 3291 tione
312 3228 419 3312 posuit
433 3228 601 3314 Rigaltius,
616 3229 677 3292 hoo
691 3250 750 3314 ego
764 3249 836 3292 cum
853 3226 1033 3292 Muraton‘o
1047 3226 1201 3291 revocavi.

255 3313 294 3376 P.
316 3313 366 3396 98.
388 3313 409 3376 l.
436 3317 485 3378 16.
518 3315 658 3379 brevitas
687 3315 760 3391 ista,
791 3313 875 3398 quod
905 3313 947 3376 ad
975 3312 1108 3377 tertium
1137 3311 1257 3398 sophiae

210 3399 345 3484 gradum
367 3399 478 3483 laniat]
498 3399 537 3464 ld
559 3407 618 3478 est,
634 3399 773 3464 brevitas
795 3399 948 3465 orationis
963 3398 1138 3463 Dominioae
1160 3399 1259 3463 habet

210 3485 337 3570 plenam
361 3485 667 3570 interpretationem,
695 3492 728 3550 et
754 3492 909 3571 quantum
932 3485 1036 3549 verbis
1065 3492 1257 3561 coarctatur,

211 3577 340 3635 tantum·
354 3571 497 3636 sensibus
511 3569 709 3637 diffunditur.
754 3572 904 3637 Continet
919 3571 1003 3636 enim
1024 3593 1149 3635 omnem
1167 3569 1258 3634 disci-

211 3656 331 3742 plinam
352 3656 435 3721 fidei.
480 3657 626 3722 Brevitas
647 3666 754 3722 autem
777 3657 888 3722 orandi
908 3657 1047 3742 pertinet
1066 3657 1108 3721 ad
1126 3656 1259 3722 tortium

210 3743 346 3830 gradum
362 3743 498 3827 Sophiae,
515 3744 622 3820 idest,
640 3766 733 3830 quem
756 3743 944 3830 significavit
959 3743 1020 3807 Dei
1036 3743 1210 3828 Sapientia,
1225 3749 1259 3805 et

211 3830 280 3914 ejus
307 3827 417 3892 Filius.
465 3829 592 3894 Primus
622 3831 705 3893 enim
734 3831 852 3916 gradus
881 3835 940 3906 est,
971 3829 1003 3892 id
1032 3837 1091 3907 est,
1121 3829 1259 3914 primum

211 3922 406 4000 praeceptum
426 3923 485 3993 cst,
502 3923 539 3980 ut
561 3923 684 3980 secreto
706 3937 841 3993 oremus,
858 3917 1013 3980 secundus
1030 3922 1067 3979 ut
1089 3937 1160 3979 cum
1186 3914 1258 3990 fide,

212 4002 328 4066 tertius
358 4006 394 4065 ut
423 4001 570 4066 breviter.
611 4003 789 4066 Musarum.
837 4001 950 4065 Malim
978 4002 1092 4079 dicere,
1122 3999 1259 4086 primum

211 4087 346 4172 gradum
376 4087 436 4150 hoc
464 4088 535 4152 loco
564 4110 641 4166 esse,
672 4093 811 4152 secretas
840 4109 959 4172 preces,
989 4087 1162 4151 secundum
1185 4107 1260 4149 vero

211 4173 402 4237 brevitatem
431 4174 594 4252 orationis,
621 4174 753 4239 tertium
781 4173 916 4256 denique
945 4173 1135 4237 brevitatem
1164 4173 1260 4237 istam

211 4258 1043 4430 auu}inundaturasvv
1065 4259 1200 4344 ⁰⁰P³⁰⁸³²
1222 4280 1259 4322 ³⁰

257 4429 340 4494 lbid.
355 4429 377 4492 l.
392 4447 442 4494 20.
464 4430 510 4494 vel
532 4431 766 4496 venerationem
787 4430 861 4516 Dei]
888 4431 1029 4516 Reperta
1048 4453 1130 4496 nunc
1151 4431 1182 4494 in
1198 4429 1262 4494 edi-

714 4541 734 4579 Α
749 4539 770 4580 a
