3326 5200
390 453 458 516 204
728 453 1108 518 ANNOT-ATIONES

441 623 478 687 P.
505 643 576 708 149.
601 623 622 687 l.
649 624 699 686 16.
729 623 866 710 aliquem
896 623 1131 709 Hermogenem
1160 621 1314 708 ostendit]
1349 621 1445 686 Hanc

397 709 564 774 lectionem
582 711 797 809 'revocandam
818 709 934 786 censui,
956 709 1045 794 cujus
1066 710 1136 774 loco
1156 708 1316 810 Rigaltius
1337 708 1370 772 in
1392 707 1442 773 ed.

398 795 1447 967 tetstlltltlllllldlttttdllltltltt

402 966 517 1066 Christi
531 989 600 1067 cap.
616 987 663 1047 14.
680 969 748 1032 haec
762 967 892 1068 scribit3
916 968 1037 1032 Poterit
1049 968 1112 1032 luco
1132 968 1235 1068 opinio
1249 965 1364 1068 Ebioni
1378 989 1445 1030 con-

398 1073 513 1202 tlt
526 1053 727 1202 lilim
737 1053 1067 1214 '‘fallam-”⁷²
1081 1053 1448 1224 ‘mittat

395 1223 609 1308 pnriosiorem,
632 1234 666 1287 nl
687 1226 734 1288 ito
755 1226 789 1288 in
814 1225 867 1288 illo
892 1225 1015 1310 ontpclus
1053 1227 1131 1290 unse
1152 1226 1286 1303 dena,
1306 1224 1448 1310 pentad—

399 1309 520 1372 modwm
534 1309 568 1373 in
582 1309 688 1394 aliquo
702 1310 869 1375 Zacharia.

445 1394 528 1459 Ibid.
542 1394 564 1457 l.
583 1412 633 1458 21.
645 1395 739 1480 jubet
760 1397 930 1482 castigare]
950 1396 1058 1498 Vulgo
1070 1397 1205 1482 jubetur.
1250 1396 1315 1460 Sed
1337 1395 1448 1460 editio-

400 1501 476 1543 num
492 1479 637 1580 Rlpenani
655 1489 689 1545 et
705 1481 809 1545 Paris.
825 1482 936 1567 primae
957 1483 1134 1562 lectionem,
1149 1482 1173 1546 J
1174 1482 1249 1546 nnio
1268 1482 1447 1568 probatam,

399 1586 553 1630 revocavi.

444 1651 482 1715 P.
499 1671 569 1736 150.
584 1651 604 1715 l.
620 1672 652 1737 5.
676 1659 852 1717 creatorem
873 1654 1020 1740 angelum
1042 1655 1271 1740 nescioquem]
1297 1649 1450 1736 Anpdam

399 1736 568 1802 lectionem
582 1745 725 1803 veterum
739 1746 816 1803 ante
831 1739 1005 1825 Rigaltinm
1027 1741 1203 1805 editionum
1241 1762 1278 1804 ro
1293 1737 1348 1802 illa
1361 1757 1450 1820 cripe·

402 1823 501 1887 loram
514 1824 595 1888 bene
609 1825 768 1890 revocavit
785 1824 903 1910 Lupus.
948 1827 1012 1891 Sed
1027 1848 1101 1892 vero
1118 1763 1261 1913 praetulit
1275 1821 1451 1922 copelontm

404 1907 603 1988 Thomasius,
620 1909 703 1994 quia,
713 1917 751 1975 ut
766 1919 873 1975 censet
887 1919 1060 1977 annotator
1069 1913 1146 1997 ejus,
1158 1911 1275 1996 alioqui
1291 1910 1451 1973 diceretur

403 1993 619 2060 Tertullianus
642 1996 804 2074 erravisse,
832 2019 904 2061 cum
930 1996 1070 2062 Irenaeus
1096 2021 1165 2084 cap.
1190 2017 1240 2063 20.
1261 1995 1333 2061 libri
1356 1994 1451 2080 primi

402 2081 556 2159 retulerit,
589 2082 748 2146 Simonem
777 2105 906 2168 magum
939 2084 1112 2148 affirmasse
1137 2083 1267 2170 angelos
1296 2080 1452 2146 creavisse

402 2167 575 2242 mundum;
600 2167 677 2232 illud
692 2168 790 2254 igitur
804 2170 941 2269 primum
955 2191 1018 2235 non
1041 2170 1183 2234 docuisse
1198 2168 1357 2269 ppellem.
1403 2167 1452 2266 dt

403 2256 839 2415 ltss'nlrtlf‘ltnlltl
853 2254 1453 2426 lttttttl'tlillllltlt

402 2443 476 2488 nem
491 2424 600 2487 mundi
615 2425 799 2490 attribuisse
814 2427 953 2492 inferiori
969 2427 1094 2492 cuidam
1109 2428 1188 2505 Deo,
1205 2425 1267 2492 Dei
1281 2424 1453 2510 superioris

403 2531 445 2572 au
486 2509 526 2587 lo,
542 2510 573 2572 h.
590 2531 617 2574 e.
642 2512 762 2589 nuntio,
786 2512 879 2598 ignea
902 2520 1019 2579 natura
1041 2514 1189 2614 praedito,
1215 2534 1280 2577 non
1301 2533 1375 2575 vero
1397 2533 1454 2575 an-

404 2531 1269 2768 dernense
1294 2597 1455 2748 rien

406 2767 551 2831 Auctore
565 2790 722 2853 anonymo
736 2770 834 2834 Ades.
852 2773 959 2836 &mter
973 2772 1120 2850 Harae,
1133 2793 1201 2857 cap.
1220 2789 1249 2833 2.

450 2852 722 2954 Ibid.l.15.qnae
745 2856 871 2939 quando
896 2857 1023 2934 suerint,
1047 2857 1122 2922 dum
1148 2879 1212 2921 non
1233 2854 1362 2922 intersit
1383 2874 1455 2938 quae

407 2941 535 3025 quando
550 2941 590 3004 de
605 2948 739 3006 varitate
754 2964 818 3007 non
832 2943 911 3027 sint]
930 2943 982 3007 Sic
997 2943 1088 3008 editt.
1105 2942 1260 3008 Rhenani.
1291 2940 1351 3005 Ait
1367 2940 1455 3004 Sem-

405 3026 499 3104 lerus,
518 3033 537 3062 ‘⁶
546 3026 570 3090 J
572 3027 664 3091 unius
686 3029 767 3113 conj.
782 3051 851 3114 qaae
872 3029 992 3114 quondo
1007 3030 1141 3113 suerint,
1160 3038 1224 3093 lton
1245 3049 1305 3092 non
1326 3026 1454 3091 intersit.

408 3121 427 3148 “
444 3113 646 3178 Wouwcrius
682 3115 882 3178 scribendum
918 3124 1036 3193 censet,
1063 3116 1190 3199 fuerint
1227 3135 1287 3178 non
1322 3111 1455 3177 isdercii.

408 3199 562 3263 “Putem
588 3205 674 3263 recte
703 3199 821 3265 habere
851 3201 996 3265 Rhenani
1028 3201 1074 3286 (h.
1099 3223 1127 3266 e.
1154 3201 1204 3265 ed.
1234 3196 1457 3286 principem).”

408 3283 490 3348 Haeo
512 3285 638 3348 Semlsr.
685 3283 908 3350 Interserendo
932 3287 1056 3351 addunt
1078 3286 1267 3373 particulam
1283 3286 1358 3350 dam
1378 3291 1457 3348 ante

407 3393 500 3434 voces
518 3370 556 3435 de
580 3372 706 3435 veritate
726 3394 786 3435 non
807 3373 876 3450 sint,
900 3373 973 3436 edd.
990 3372 1093 3437 Paris.
1108 3381 1244 3456 utraque
1267 3378 1300 3436 et
1316 3369 1456 3434 Franek.

408 3455 521 3519 Edidit
547 3456 586 3519 ni
609 3457 817 3542 altius—qam
841 3458 962 3543 qnando
981 3459 1116 3542 fuerim,
1143 3457 1302 3523 decantado
1327 3456 1456 3532 teano,

407 3565 476 3690 pace
497 3479 627 3627 quondo,
650 3542 724 3605 dam
745 3542 783 3607 de
797 3545 934 3642 'mritate
956 3565 1016 3608 non
1043 3545 1116 3608 sint.
1162 3544 1226 3608 Sed
1247 3547 1458 3626 reposuerunt

407 3626 1459 3813 ..lll}.ll.”tllltssssll.lll‚”tltlltdt'tltltlt

408 3820 559 3863 manases
584 3799 720 3876 taraces,
747 3802 867 3884 pucatdo
882 3803 1020 3886 suerint,
1047 3824 1119 3866 cum
1141 3824 1201 3866 non
1226 3800 1354 3878 inland,
1378 3818 1457 3885 qum,

408 3885 530 3970 quondo
544 3884 581 3948 de
596 3885 721 3948 caritate
735 3907 793 3948 non
807 3887 878 3950 sint.

455 3971 535 4034 Ibid.
551 3970 572 4035 l.
592 3991 642 4050 24.
666 3970 737 4036 aliae
764 3973 891 4056 quidem
916 3972 977 4038 illae
1003 3973 1146 4061 fuerunt]
1172 3973 1292 4039 Vocem
1317 3973 1382 4038 illos
1404 3993 1459 4034 ex-

410 4055 525 4141 punxit
540 4056 707 4142 Rigaltius,
724 4079 819 4142 quam
833 4059 986 4122 revocavi.

455 4141 537 4207 Ibid.
560 4143 579 4205 l.
607 4160 657 4228 25.
681 4151 794 4228 posteo
817 4145 939 4209 obortae
964 4145 1118 4229 quasdam
1144 4144 1268 4210 exiliis
1297 4143 1461 4230 opiniones

410 4229 660 4324 usurpaverunt]
692 4227 746 4294 Ita
774 4231 852 4295 edit.
884 4231 991 4316 prince
1014 4254 1038 4306 s,
1064 4233 1153 4316 cujus
1182 4231 1351 4296 lectionem
1372 4249 1461 4293 revo-

410 4333 489 4388 cavi,
508 4335 528 4376 a
550 4313 649 4378 Junic
675 4315 750 4378 olim
774 4317 952 4400 probatam.
992 4254 1110 4382 ilabet
1132 4315 1290 4403 Rigaltius
1311 4315 1460 4402 quiddam

408 4419 445 4460 en
472 4397 538 4462 illis
560 4411 794 4484 usurpaverant.
841 4402 945 4467 Extat
970 4402 1003 4466 in
1028 4403 1118 4467 editt.
1144 4403 1244 4468 Paris.
1268 4410 1404 4487 utraque
1427 4407 1461 4464 et
