3326 5200
409 473 474 540 172
511 472 759 577 Ahvnltsus
782 471 946 536 OMNES
969 469 1161 534 HAERET.
1186 466 1377 532 LIBELL.

411 648 592 718 Christum
619 647 771 740 redigit?
798 645 951 716 Accedit
966 645 1022 715 his
1038 643 1243 715 Theodotus
1267 641 1458 712 haereticus

411 765 623 858 Byzantius:
659 765 719 855 qui
749 773 978 856 posteaquam
1006 761 1188 832 Christum
1215 783 1280 853 pro
1314 760 1458 830 nomine

411 880 649 973 adprehensus
674 881 827 973 negavit,
849 880 885 948 in
909 878 1090 948 Christum
1117 875 1363 969 blasphemare
1386 898 1459 946 non

401 995 570 1078 ⁴destitit;
596 995 791 1066 doctrinam
819 995 914 1065 enim
944 994 1152 1074 introduxit,
1175 1015 1245 1084 qna
1275 991 1457 1062 Christum

410 1111 590 1182 hominem
620 1112 868 1182 tantummodo
893 1110 1037 1192 diceret,
1062 1107 1181 1180 Deum
1207 1116 1329 1179 autem
1355 1106 1456 1178 illum
1467 1132 1484 1194 5

412 1236 576 1322 negarem
594 1250 641 1297 ex
658 1226 793 1320 Spiritu
810 1227 953 1318 quidem
968 1225 1099 1296 Sancto
1113 1233 1237 1296 natum
1250 1247 1297 1296 ex
1311 1225 1457 1317 virgine,

279 1427 282 1434 ,
410 1345 473 1416 sed
502 1344 683 1414 hominem
713 1342 906 1414 solitarium
942 1351 1049 1434 atque
1082 1344 1229 1425 nudum,
1258 1340 1358 1411 nullo
1388 1339 1458 1412 alio

409 1483 484 1553 prae
512 1461 646 1532 caeteris
676 1457 768 1555 (for.
797 1459 1063 1552 praecellentem
1091 1460 1252 1551 caeteris),
1282 1459 1349 1530 nisi
1383 1458 1474 1538 sola,

403 1576 556 1668 justitiae
590 1577 812 1646 auctoritate.
867 1573 975 1645 Alter
1008 1583 1088 1668 post
1122 1573 1217 1644 hunc
1251 1573 1458 1644 Theodotus

409 1691 599 1762 haereticus
632 1692 758 1784 erupit,
792 1691 851 1782 qui
887 1699 926 1760 et
959 1693 1034 1784 ipse
1076 1691 1275 1762 introduxit
1308 1689 1456 1762 altemm
1471 1717 1508 1758 ιο

356 1831 357 1836 ’
410 1817 554 1891 sectam,
578 1816 615 1878 et
640 1808 756 1900 ipsum
784 1807 966 1878 hominem
995 1807 1177 1878 Christum
1208 1807 1458 1878 tantummodo

410 1927 496 1996 dicit
513 1948 559 1996 ex
578 1923 714 2017 Spiritu
732 1923 875 2006 Sancto,
888 1932 926 1994 et
939 1923 1091 2018 Virgine
1110 1924 1232 1996 Maria.
1244 1933 1457 2017 conceptum

244 2049 280 2112 ‚⁴
409 2044 541 2136 pariter
570 2050 608 2112 et
633 2047 779 2123 natum3
804 2039 867 2110 sed
891 2039 987 2111 hunc
1013 2041 1214 2112 inferiorem
1240 2064 1326 2124 esse,
1350 2063 1457 2134 quam

247 2153 288 2213 Ρ·
300 2164 381 2228 dns·
412 2158 690 2241 Melchisedech,
708 2181 751 2228 eo
768 2157 862 2248 quod
880 2157 1016 2227 dictum
1034 2157 1080 2227 sit
1097 2159 1142 2228 de
1160 2157 1324 2228 Christo:
1350 2155 1406 2228 Tu
1423 2179 1458 2228 es

249 2228 348 2279 neum
360 2231 599 2346 ⁶'’concordoa
584 2299 622 2344 m
639 2283 804 2345 emanares
820 2271 1005 2344 recaredum
1022 2273 1178 2346 ordinem
1195 2271 1457 2347 Melchisedech.
1471 2303 1482 2342 ι
1487 2305 1505 2362 5

412 2392 509 2462 Nam
526 2391 628 2462 illum
647 2389 914 2462 Melchisedech
935 2393 1115 2484 praecipue
1134 2393 1257 2485 gratiae
1274 2391 1457 2464 coelestem

410 2487 488 2578 esse
513 2509 702 2590 virtutem3
728 2530 771 2578 eo
799 2504 892 2602 (sor.
923 2515 961 2577 et
990 2504 1220 2600 scribendum)
1250 2509 1345 2599 quod
1373 2517 1457 2603 agat
1541 2527 1546 2536 ·

410 2623 572 2696 Christus
605 2647 669 2716 pro
702 2622 914 2707 hominibus,
949 2624 1157 2716 deprecator
1193 2633 1231 2694 et
1265 2625 1457 2697 advocatus

409 2736 565 2833 ipsorum
591 2740 716 2823 factus,
735 2739 1004 2811 Melchisedech
1030 2741 1145 2810 facere
1166 2763 1229 2833 pro
1255 2740 1457 2816 coelestibus

410 2856 544 2951 angelis
560 2867 668 2950 atque
685 2857 901 2940 virtutibus3
926 2879 1009 2928 nam
1027 2879 1103 2928 esse
1120 2857 1222 2928 illum
1240 2860 1509 2950 usqueadeone

248 2985 311 3038 Eeb·
323 2987 364 3036 vs.
378 3001 400 3049 s·
411 2973 552 3046 Christo
577 2972 771 3057 meliorem,
789 2981 831 3044 ut
856 2982 980 3066 apator
1004 2975 1060 3056 sit,
1078 2981 1215 3044 ametor
1235 2976 1291 3058 sit,
1308 2997 1458 3070 agenea-

408 3091 548 3186 logetus
566 3093 621 3175 sit,
639 3091 739 3184 cujus
765 3113 880 3182 neque
901 3090 1052 3171 initium,
1070 3109 1186 3181 neque
1203 3090 1282 3160 finis
1299 3113 1458 3185 compre-

408 3207 539 3279 hensus
566 3208 622 3290 sit,
646 3214 709 3276 aut
731 3205 983 3298 comprehendi
1008 3206 1129 3297 possit.
1191 3203 1263 3275 Sed
1289 3214 1370 3298 post
1392 3207 1458 3278 hos

409 3345 532 3394 omnes
555 3324 670 3392 etiam
699 3321 854 3392 Praxeas
883 3319 1027 3413 quidam
1056 3320 1221 3392 haeresim
1248 3323 1457 3408 introduxit,

409 3460 515 3531 quam
546 3436 754 3510 Victorinus
792 3437 1015 3508 corroborare
1049 3441 1206 3524 emavit3
1243 3439 1302 3512 hic
1338 3439 1506 3530 Deum25

410 3554 553 3626 Patrem
580 3556 862 3647 omnipotentem
886 3552 1012 3624 desum
1040 3553 1221 3626 Christum
1248 3579 1324 3627 esse
1349 3559 1456 3630 dicit:

408 3669 504 3740 hunc
533 3669 741 3740 crucifixum
765 3691 977 3761 passumque
996 3671 1184 3740 'contendit
1206 3679 1243 3740 et
1264 3680 1456 3744 mortuum.

410 3782 590 3856 Praeterea
615 3808 652 3855 se
677 3787 792 3877 ipsum
823 3785 888 3855 sibi
921 3784 1043 3855 sedere
1068 3786 1113 3855 od
1138 3785 1322 3859 dexteram
1346 3811 1457 3871 suam,

409 3925 491 3972 cum
508 3901 689 3995 prophana
705 3909 743 3971 et
760 3900 931 3994 sacrilega
947 3903 1149 3972 temeritate
1166 3905 1340 3996 proponit.

846 4144 1023 4196 EXPLICIT.
