3294 5192
329 504 381 570 IN
402 503 509 568 CAN.
527 502 659 568 CONC.
676 499 1124 567 CONSTANTINOPOL.
1188 501 1249 565 421

202 696 278 740 nere
303 675 400 740 verbe
428 675 575 740 videntur
602 674 646 738 ed
674 673 828 759 scriptum
856 671 985 758 eliquod
1012 670 1253 737 occidentalium

202 761 373 846 preesulum
398 761 432 824 iu
455 783 552 826 oeuse
574 759 858 838 Antiochenorum,
881 759 934 860 qui
958 758 1012 823 diu
1036 757 1163 842 quidem
1188 777 1253 821 nou

203 854 332 912 tentum
352 847 584 924 schismatibus,
600 846 657 911 sed
675 846 773 910 etiem
791 845 965 910 haeresrbus
979 843 1070 909 velde
1084 842 1191 908 vexati
1205 841 1252 906 iu·

203 940 307 998 crant.
344 933 504 1000 Oaeterum
521 932 636 996 videsis
654 931 738 996 inire
755 953 826 1015 quoe
843 931 888 997 ed
907 931 1027 998 (innon.
1044 929 1124 994 VII.
1144 929 1184 992 de
1202 926 1253 992 his

204 1018 324 1084 ultimis
338 1017 512 1084 canonibus
525 1018 626 1083 edicte
639 1023 724 1082 sunt.

613 1151 767 1220 OANON
790 1152 850 1216 VI.

249 1275 286 1340 P.
299 1295 374 1386 394.
389 1274 410 1338 l.
422 1296 455 1356 4.
477 1280 539 1342 τοῖς
553 1273 815 1352 ravennantem
829 1269 1016 1357 ἐπισκόποις]
1034 1270 1135 1338 Forte
1150 1296 1253 1336 κοινο-

205 1367 297 1428 οικοῖς
314 1367 393 1441 ημῖν,
412 1361 467 1445 qm·
485 1359 636 1425 ιιοόιζςοιιιιι
655 1359 882 1435 communicent,
899 1357 961 1422 hoo
979 1358 1049 1422 loco
1070 1357 1131 1444 legi
1153 1357 1254 1426 setius

205 1446 320 1520 fuerit;
356 1468 427 1531 ques
452 1467 515 1511 vox
540 1446 573 1510 in
599 1445 758 1531 Synodion
786 1443 915 1509 inferius
939 1443 1105 1508 recitanda
1128 1444 1254 1532 iegitur.

206 1532 288 1597 Haec
311 1531 512 1596 Hseoumus.
559 1532 610 1595 {bi
626 1537 717 1595 extat
732 1529 800 1598 τοὺς
819 1533 854 1594 ἐιι
873 1535 937 1598 ταῖς
954 1531 1110 1614 ἐπαρχίαις
1124 1556 1255 1596 κοινωνι-

206 1619 274 1686 κοὺς
300 1615 488 1690 ἐπισκόπους,
513 1624 547 1682 et
572 1616 632 1682 hoc
658 1617 727 1680 loco
755 1615 876 1681 hebent
904 1615 1058 1701 scriptum
1084 1623 1255 1686 καοονικοῖς

206 1703 282 1790 (ior.
299 1703 493 1784 κοινωνικαῖς)
514 1703 607 1769 codd.
623 1707 664 1766 26
684 1708 718 1767 et
736 1704 776 1765 62
778 1717 799 1787 5
819 1701 895 1766 olim
913 1700 1104 1767 Ruwlinson.
1122 1701 1199 1766 dum
1212 1701 1256 1767 le·

206 1789 295 1874 gitur
312 1790 382 1870 ἡμῖν
400 1789 434 1853 in
448 1789 556 1852 codice
569 1787 709 1852 Justelli.
754 1787 911 1873 Equidem
930 1787 1024 1852 velim
1043 1787 1138 1864 istud,
1155 1813 1257 1852 κοινο-

208 1881 300 1942 οικοῖς
313 1876 391 1954 ἡμῖν,
407 1874 600 1939 substituere
614 1895 673 1959 pro
688 1874 823 1938 lectione
838 1881 976 1960 recepte,
989 1895 1085 1959 quem
1099 1879 1256 1958 prmstnnt

207 1981 272 2023 non
301 1966 429 2024 tentum
457 1959 606 2036 Consilia,
632 1960 688 2023 sed
718 1966 751 2024 et
779 1966 905 2024 caeterae
930 1959 995 2023 sere
1021 1980 1130 2023 omues
1155 1958 1256 2023 Oeno-

208 2065 285 2111 num
303 2046 503 2110 collectiones
522 2053 555 2110 et
577 2043 703 2129 plurimi
724 2045 823 2110 MSti.
868 2045 1036 2119 Ceterum,
1052 2043 1201 2130 quoniam
1216 2045 1257 2110 de

207 2127 325 2205 codiee,
342 2153 436 2216 quem
459 2130 624 2194 Univereae
647 2130 797 2195 Ecclesiae
818 2129 990 2214 appellavit
1010 2128 1177 2203 Justeilus,
1201 2129 1258 2194 sed

208 2223 356 2300 temporo
374 2215 596 2301 antiquissime
615 2215 642 2280 si
662 2223 855 2300 spectentur,
871 2216 923 2279 vix
943 2215 1022 2279 setis
1042 2222 1140 2294 recte,
1160 2237 1203 2279 sae

208 2323 341 2366 numero
361 2301 446 2366 inter
467 2303 535 2366 haec
556 2301 644 2366 fecte
665 2308 715 2366 est
737 2301 870 2376 mentio;
895 2302 997 2386 deque
1018 2300 1129 2365 eodem
1151 2323 1168 2366 c
1211 2301 1258 2365 iee

208 2387 313 2452 minus
332 2395 481 2454 eccurete
500 2387 586 2472 loqui
605 2387 653 2452 vel
675 2387 733 2452 viri
752 2387 926 2451 doctissimi
947 2387 1106 2460 videntum
1128 2407 1188 2472 ege
1205 2388 1259 2452 de·

208 2474 393 2553 scribemus,
425 2496 496 2560 quoe
525 2474 566 2539 de
595 2473 648 2538 illo
680 2473 748 2558 ipse
777 2494 902 2558 quoque
935 2473 1063 2538 scrisit
1091 2471 1258 2537 Jueteilus.

211 2566 230 2596 “
243 2559 327 2626 Sene
346 2567 472 2628 textum
490 2560 594 2645 ipsum
617 2561 766 2624 Graecnm
783 2579 824 2623 ex
846 2559 933 2624 edito
1015 2558 1060 2624 'ee
1079 2556 1170 2622 'filii'
1190 2559 1260 2623 haec

209 2651 260 2710 est
286 2646 450 2712 (lenonum
476 2647 662 2711 Graecorum
686 2645 784 2710 editio
809 2645 956 2732 princeps
979 2647 1094 2710 “bone
1115 2644 1179 2709 fide
1203 2667 1258 2710 ex-

211 2731 840 2900 llt‘ffltttt‘ddffl
854 2730 1261 2900 tttntsszffitttt

212 2907 232 2936 “
243 2899 320 2964 edit.
339 2901 447 2981 1661.)
464 2901 623 2964 codicibus
642 2899 737 2963 editis
757 2907 791 2964 et
809 2921 905 2964 menn
923 2901 1072 2976 exeratis,
1089 2921 1168 2998 quos
1182 2900 1260 2964 emi-

213 2993 232 3022 “
245 3007 354 3050 corum
373 2984 525 3048 beneflcio
544 2984 630 3048 necti
650 3004 767 3060 sumus,
784 2992 933 3050 accurate
947 2985 1190 3060 emendavimus,
1207 3005 1259 3048 ve·

212 3070 370 3155 “riesque
391 3069 542 3134 lectiones
563 3070 605 3134 ed
627 3091 718 3133 orem
738 3069 991 3154 edseripsimus.”
1036 3069 1117 3134 Haec
1138 3069 1195 3133 vir.
1219 3069 1258 3134 cl.

211 3156 274 3220 fine
298 3155 501 3220 Praeietionis
521 3155 555 3218 in
579 3155 719 3220 Codiceo
744 3157 903 3221 Cononem
923 3155 1067 3220 Ecclesioe
1095 3154 1260 3234 enimse,

212 3242 289 3308 edit.
305 3240 408 3306 Puris.
429 3261 515 3305 enno
532 3243 623 3305 1610.
670 3241 716 3306 Et
732 3240 884 3327 profecto,
904 3262 1106 3327 quoscunque
1125 3261 1262 3306 oenones

303 3325 327 3390 J
329 3347 464 3392 oennem
484 3324 600 3391 Tilium
619 3327 720 3392 edidit
739 3326 906 3401 Justellus,
926 3327 1068 3412 exceptis
1087 3326 1148 3391 illis
1169 3347 1261 3411 syno-

236 3434 327 3476 crnm
349 3412 508 3477 Tmllnuae
529 3418 564 3477 et
585 3412 723 3478 Nicoeuae
745 3413 901 3492 secundm,
916 3413 1013 3478 iidem
1033 3411 1138 3477 medio
1157 3412 1263 3476 seculo

213 3519 298 3563 nono
319 3497 462 3563 elaeone
486 3498 544 3561 IV.
567 3519 652 3583 pepe
673 3499 705 3563 in
728 3499 875 3584 Epistole
893 3499 935 3563 ed
954 3499 1118 3584 episcopos
1135 3496 1262 3562 Briten·

213 3605 327 3650 norum
350 3590 505 3668 tenquem
528 3584 649 3669 recepti
671 3606 710 3649 ee
735 3585 876 3650 veientes
901 3592 1131 3670 proponuntur.
1178 3582 1264 3647 Vide

214 3669 404 3756 Epistolem‚
429 3690 500 3754 ques
521 3669 555 3732 in
576 3669 712 3734 Oodicem
732 3671 880 3735 Gratiam
900 3670 1003 3735 relate
1024 3677 1083 3745 est,
1106 3669 1192 3734 Dist.
1211 3686 1261 3732 ιο.

213 3777 283 3840 cep.
306 3775 334 3818 ι.
379 3755 610 3820 Verumtamen
635 3755 761 3820 nomine
786 3756 952 3822 (lenonum
976 3777 1031 3821 seu
1061 3754 1264 3820 Stetutorum

214 3839 449 3926 Ephesinorum
468 3839 591 3925 uliquos
606 3840 711 3908 minus
729 3849 817 3906 recte
834 3843 881 3907 ite
901 3841 1078 3927 eppellntos
1095 3839 1265 3925 significari

214 3947 236 3990 e
259 3925 374 4003 Leone,
401 3926 481 3991 elios
506 3947 602 4011 quem
627 3925 697 3991 illos
720 3949 742 3991 e
766 3928 888 3992 Graecis
912 3935 1066 4013 receptos,
1093 3925 1266 3990 ostendunt

214 4019 338 4076 veteres
357 4011 482 4076 Letinoe
501 4031 657 4076 cenonum
674 4011 964 4097 interpretationes.
1001 4011 1086 4076 Vide
1100 4019 1168 4078 not.
1183 4009 1267 4074 inire

215 4098 258 4162 ed
273 4095 419 4162 Oenones
433 4097 620 4181 Ephesinos.

261 4181 343 4246 Ibid.
359 4182 378 4245 l.
392 4201 423 4266 5.
446 4187 505 4246 τῶν
526 4182 586 4246 ἀπὸ
608 4185 660 4260 τῆς
683 4183 856 4268 ἐκκλησίας]
881 4183 1015 4249 Habent
1037 4181 1178 4249 Ooncilie
1199 4181 1265 4245 πού·

216 4292 277 4333 τοι
290 4289 349 4353 pro
364 4274 432 4344 τῶν,
448 4267 637 4352 conjiciente
650 4275 760 4333 temen
773 4269 815 4333 ed
830 4291 929 4354 marg.
945 4267 1085 4332 Lebbaeo
1099 4267 1268 4354 legendum

217 4375 287 4418 esse
301 4359 379 4428 πῶνς
403 4353 490 4438 quod
505 4353 631 4438 quidem
647 4361 757 4419 estere
772 4354 806 4419 iu
821 4354 893 4419 MS.
909 4361 943 4419 et
957 4353 1043 4438 epud
1059 4355 1219 4418 Zonerem
1234 4359 1268 4416 et

217 4439 449 4518 Belsemouem
468 4437 561 4506 eddit
582 4437 780 4504 Hnrduinus.
824 4440 976 4506 Praebent
991 4439 1078 4505 istud
1093 4445 1152 4504 τῦν
1167 4439 1269 4504 Oeno
