<?xml version="1.0" encoding="UTF-8"?>
<!DOCTYPE html PUBLIC "-//W3C//DTD XHTML 1.0 Transitional//EN"
    "http://www.w3.org/TR/xhtml1/DTD/xhtml1-transitional.dtd">
<html xmlns="http://www.w3.org/1999/xhtml" xml:lang="en" lang="en">
 <head>
  <title>
</title>
<meta http-equiv="Content-Type" content="text/html;charset=utf-8" />
  <meta name='ocr-system' content='tesseract 3.04.00' />
  <meta name='ocr-capabilities' content='ocr_page ocr_carea ocr_par ocr_line ocrx_word'/>
</head>
<body>
  <div class='ocr_page' id='page_1' title='image "./scriptorumeccle00routgoog_0116.png"; bbox 0 0 3316 5198; ppageno 0'>
   <div class='ocr_carea' id='block_1_1' title="bbox 557 445 1283 514">
    <p class='ocr_par' dir='ltr' id='par_1_1' title="bbox 557 445 1283 514">
     <span class='ocr_line' id='line_1_1' title="bbox 557 445 1283 514; baseline 0.004 -3"><span class='ocrx_word' id='word_1_1' title='bbox 557 445 952 514; x_wconf 80' lang='lat' dir='ltr'><strong>TERTULLIANUS.</strong></span> <span class='ocrx_word' id='word_1_2' title='bbox 1239 447 1283 514; x_wconf 79' lang='lat'><strong>99</strong></span> 
     </span>
    </p>
   </div>
   <div class='ocr_carea' id='block_1_2' title="bbox 217 617 1280 4297">
    <p class='ocr_par' dir='ltr' id='par_1_2' title="bbox 225 617 1280 1188">
     <span class='ocr_line' id='line_1_2' title="bbox 227 617 1280 698; baseline -0.002 -16"><span class='ocrx_word' id='word_1_3' title='bbox 227 620 347 682; x_wconf 81' lang='lat' dir='ltr'><strong>clericor</strong></span> <span class='ocrx_word' id='word_1_4' title='bbox 363 620 503 681; x_wconf 73' lang='lat' dir='ltr'><strong>Romanu</strong></span> <span class='ocrx_word' id='word_1_5' title='bbox 523 618 651 680; x_wconf 78' lang='lat' dir='ltr'><strong>ecclesia</strong></span> <span class='ocrx_word' id='word_1_6' title='bbox 671 617 873 698; x_wconf 74' lang='lat' dir='ltr'>zephyrinum</span> <span class='ocrx_word' id='word_1_7' title='bbox 894 637 998 697; x_wconf 85' lang='lat' dir='ltr'><strong>papam</strong></span> <span class='ocrx_word' id='word_1_8' title='bbox 1017 617 1200 698; x_wconf 86' lang='lat' dir='ltr'><strong>potissimum</strong></span> <span class='ocrx_word' id='word_1_9' title='bbox 1215 629 1280 680; x_wconf 84' lang='lat' dir='ltr'><strong>tau·</strong></span> 
     </span>
     <span class='ocr_line' id='line_1_3' title="bbox 226 715 1280 798; baseline 0 -20"><span class='ocrx_word' id='word_1_10' title='bbox 226 739 297 798; x_wconf 75' lang='lat' dir='ltr'><strong>gere</strong></span> <span class='ocrx_word' id='word_1_11' title='bbox 311 719 513 798; x_wconf 79' lang='lat' dir='ltr'><strong>Hieronymus</strong></span> <span class='ocrx_word' id='word_1_12' title='bbox 527 717 650 785; x_wconf 81' lang='lat' dir='ltr'><strong>videtur,</strong></span> <span class='ocrx_word' id='word_1_13' title='bbox 667 715 737 776; x_wconf 88' lang='lat' dir='ltr'><strong>licet</strong></span> <span class='ocrx_word' id='word_1_14' title='bbox 758 735 816 793; x_wconf 89' lang='lat' dir='ltr'><strong>qua</strong></span> <span class='ocrx_word' id='word_1_15' title='bbox 835 715 952 776; x_wconf 88' lang='lat' dir='ltr'><strong>demum</strong></span> <span class='ocrx_word' id='word_1_16' title='bbox 974 735 1075 778; x_wconf 78' lang='lat' dir='ltr'><strong>mussa</strong></span> <span class='ocrx_word' id='word_1_17' title='bbox 1095 715 1224 780; x_wconf 78' lang='lat' dir='ltr'><strong>offensus</strong></span> <span class='ocrx_word' id='word_1_18' title='bbox 1244 719 1280 778; x_wconf 87' lang='lat' dir='ltr'><strong>sb</strong></span> 
     </span>
     <span class='ocr_line' id='line_1_4' title="bbox 226 813 1280 895; baseline -0.001 -18"><span class='ocrx_word' id='word_1_19' title='bbox 226 838 263 877; x_wconf 87' lang='lat' dir='ltr'><strong>eo</strong></span> <span class='ocrx_word' id='word_1_20' title='bbox 284 837 377 895; x_wconf 86' lang='lat' dir='ltr'><strong>usque</strong></span> <span class='ocrx_word' id='word_1_21' title='bbox 400 815 473 878; x_wconf 85' lang='lat' dir='ltr'><strong>adeo</strong></span> <span class='ocrx_word' id='word_1_22' title='bbox 497 815 589 876; x_wconf 87' lang='lat' dir='ltr'><strong>fuerit</strong></span> <span class='ocrx_word' id='word_1_23' title='bbox 614 813 827 882; x_wconf 77' lang='lat' dir='ltr'><strong>Tertullianus,</strong></span> <span class='ocrx_word' id='word_1_24' title='bbox 847 833 906 875; x_wconf 92' lang='lat' dir='ltr'><strong>non</strong></span> <span class='ocrx_word' id='word_1_25' title='bbox 935 825 1015 876; x_wconf 83' lang='lat' dir='ltr'><strong>certo</strong></span> <span class='ocrx_word' id='word_1_26' title='bbox 1036 822 1160 877; x_wconf 84' lang='lat' dir='ltr'><strong>constat.</strong></span> <span class='ocrx_word' id='word_1_27' title='bbox 1206 815 1280 876; x_wconf 88' lang='lat' dir='ltr'><strong>Vide</strong></span> 
     </span>
     <span class='ocr_line' id='line_1_5' title="bbox 227 909 1278 984; baseline -0.004 -10"><span class='ocrx_word' id='word_1_28' title='bbox 227 914 388 974; x_wconf 63' lang='lat' dir='ltr'><strong>hortium</strong></span> <span class='ocrx_word' id='word_1_29' title='bbox 417 912 455 972; x_wconf 84' lang='lat' dir='ltr'><strong>sd</strong></span> <span class='ocrx_word' id='word_1_30' title='bbox 479 917 519 972; x_wconf 80' lang='lat' dir='ltr'><strong>A.</strong></span> <span class='ocrx_word' id='word_1_31' title='bbox 541 911 574 972; x_wconf 83' lang='grc' dir='ltr'><strong>Ο.</strong></span> <span class='ocrx_word' id='word_1_32' title='bbox 603 931 671 972; x_wconf 82' lang='lat' dir='ltr'><strong>ror.</strong></span> <span class='ocrx_word' id='word_1_33' title='bbox 697 915 722 984; x_wconf 68' lang='lat' dir='ltr'><strong>t.</strong></span> <span class='ocrx_word' id='word_1_34' title='bbox 746 931 793 970; x_wconf 89' lang='lat' dir='ltr'><strong>ro.</strong></span> <span class='ocrx_word' id='word_1_35' title='bbox 820 921 851 972; x_wconf 89' lang='lat' dir='ltr'><strong>et</strong></span> <span class='ocrx_word' id='word_1_36' title='bbox 873 909 1096 972; x_wconf 87' lang='lat' dir='ltr'><strong>Tillemontium</strong></span> <span class='ocrx_word' id='word_1_37' title='bbox 1120 919 1191 970; x_wconf 88' lang='lat' dir='ltr'><strong>tom.</strong></span> <span class='ocrx_word' id='word_1_38' title='bbox 1217 911 1278 972; x_wconf 89' lang='lat'><em>111.</em></span> 
     </span>
     <span class='ocr_line' id='line_1_6' title="bbox 226 1007 1280 1090; baseline -0.002 -18"><span class='ocrx_word' id='word_1_39' title='bbox 226 1011 352 1072; x_wconf 83' lang='lat' dir='ltr'><strong>Memor.</strong></span> <span class='ocrx_word' id='word_1_40' title='bbox 369 1011 412 1070; x_wconf 88' lang='grc' dir='ltr'><strong>Η.</strong></span> <span class='ocrx_word' id='word_1_41' title='bbox 425 1010 464 1073; x_wconf 85' lang='grc' dir='ltr'><strong>Ε.</strong></span> <span class='ocrx_word' id='word_1_42' title='bbox 480 1031 509 1090; x_wconf 88' lang='lat' dir='ltr'><strong>p.</strong></span> <span class='ocrx_word' id='word_1_43' title='bbox 526 1027 594 1087; x_wconf 82' lang='lat'><strong>215.</strong></span> <span class='ocrx_word' id='word_1_44' title='bbox 609 1010 678 1084; x_wconf 85' lang='lat'><strong>664.</strong></span> <span class='ocrx_word' id='word_1_45' title='bbox 693 1029 752 1087; x_wconf 89' lang='lat' dir='ltr'><strong>seq.</strong></span> <span class='ocrx_word' id='word_1_46' title='bbox 780 1008 973 1071; x_wconf 79' lang='lat' dir='ltr'><strong>Marcianum</strong></span> <span class='ocrx_word' id='word_1_47' title='bbox 987 1007 1096 1071; x_wconf 79' lang='lat' dir='ltr'>edidit:</span> <span class='ocrx_word' id='word_1_48' title='bbox 1114 1008 1177 1068; x_wconf 89' lang='lat' dir='ltr'><strong>Hic</strong></span> <span class='ocrx_word' id='word_1_49' title='bbox 1190 1031 1280 1090; x_wconf 78' lang='lat' dir='ltr'><strong>aspin</strong></span> 
     </span>
     <span class='ocr_line' id='line_1_7' title="bbox 225 1107 860 1188; baseline -0.008 -20"><span class='ocrx_word' id='word_1_50' title='bbox 225 1108 431 1188; x_wconf 72' lang='lat' dir='ltr'><strong>—pernransit</strong></span> <span class='ocrx_word' id='word_1_51' title='bbox 448 1108 558 1167; x_wconf 86' lang='lat' dir='ltr'><strong>invidia</strong></span> <span class='ocrx_word' id='word_1_52' title='bbox 569 1117 670 1186; x_wconf 80' lang='lat' dir='ltr'><strong>postea</strong></span> <span class='ocrx_word' id='word_1_53' title='bbox 685 1108 739 1166; x_wconf 77' lang='lat' dir='ltr'><strong>&amp;a</strong></span> <span class='ocrx_word' id='word_1_54' title='bbox 759 1107 860 1164; x_wconf 68' lang='lat' dir='ltr'><strong>Fran.</strong></span> 
     </span>
    </p>

    <p class='ocr_par' dir='ltr' id='par_1_3' title="bbox 218 1203 1280 2937">
     <span class='ocr_line' id='line_1_8' title="bbox 265 1203 1280 1277; baseline 0.001 -13"><span class='ocrx_word' id='word_1_55' title='bbox 265 1205 385 1266; x_wconf 71' lang='lat' dir='ltr'><strong>huiber</strong></span> <span class='ocrx_word' id='word_1_56' title='bbox 400 1204 578 1267; x_wconf 72' lang='lat' dir='ltr'><strong>Tertulliani</strong></span> <span class='ocrx_word' id='word_1_57' title='bbox 597 1206 633 1266; x_wconf 91' lang='lat' dir='ltr'><strong>de</strong></span> <span class='ocrx_word' id='word_1_58' title='bbox 648 1203 807 1274; x_wconf 75' lang='lat' dir='ltr'><strong>Pudicitia,</strong></span> <span class='ocrx_word' id='word_1_59' title='bbox 823 1203 858 1264; x_wconf 85' lang='lat' dir='ltr'><strong>de</strong></span> <span class='ocrx_word' id='word_1_60' title='bbox 873 1203 902 1262; x_wconf 87' lang='lat' dir='ltr'>F</span> <span class='ocrx_word' id='word_1_61' title='bbox 901 1222 957 1277; x_wconf 75' lang='lat' dir='ltr'><strong>aga</strong></span> <span class='ocrx_word' id='word_1_62' title='bbox 974 1203 1003 1264; x_wconf 82' lang='lat' dir='ltr'><strong>ia</strong></span> <span class='ocrx_word' id='word_1_63' title='bbox 1019 1203 1229 1273; x_wconf 78' lang='lat' dir='ltr'><strong>Persecutioae,</strong></span> <span class='ocrx_word' id='word_1_64' title='bbox 1244 1207 1280 1265; x_wconf 84' lang='lat' dir='ltr'><strong>de</strong></span> 
     </span>
     <span class='ocr_line' id='line_1_9' title="bbox 225 1299 1277 1382; baseline -0.002 -18"><span class='ocrx_word' id='word_1_65' title='bbox 225 1302 362 1382; x_wconf 59' lang='lat' dir='ltr'><strong>ansib,</strong></span> <span class='ocrx_word' id='word_1_66' title='bbox 378 1313 408 1361; x_wconf 87' lang='lat' dir='ltr'><strong>et</strong></span> <span class='ocrx_word' id='word_1_67' title='bbox 432 1300 617 1381; x_wconf 81' lang='lat' dir='ltr'><strong>Monogamia</strong></span> <span class='ocrx_word' id='word_1_68' title='bbox 638 1311 751 1368; x_wconf 87' lang='lat' dir='ltr'><strong>extaut,</strong></span> <span class='ocrx_word' id='word_1_69' title='bbox 773 1300 825 1361; x_wconf 90' lang='lat' dir='ltr'><strong>sed</strong></span> <span class='ocrx_word' id='word_1_70' title='bbox 845 1300 996 1380; x_wconf 90' lang='lat' dir='ltr'><strong>perierunt</strong></span> <span class='ocrx_word' id='word_1_71' title='bbox 1016 1299 1083 1362; x_wconf 86' lang='lat' dir='ltr'><strong>libri</strong></span> <span class='ocrx_word' id='word_1_72' title='bbox 1105 1311 1218 1381; x_wconf 85' lang='lat' dir='ltr'><strong>septam</strong></span> <span class='ocrx_word' id='word_1_73' title='bbox 1240 1302 1277 1363; x_wconf 91' lang='lat' dir='ltr'><strong>de</strong></span> 
     </span>
     <span class='ocr_line' id='line_1_10' title="bbox 223 1399 1276 1480; baseline -0.004 -18"><span class='ocrx_word' id='word_1_74' title='bbox 223 1400 349 1470; x_wconf 65' lang='lat' dir='ltr'><strong>amasi,</strong></span> <span class='ocrx_word' id='word_1_75' title='bbox 363 1420 487 1478; x_wconf 91' lang='lat' dir='ltr'><strong>quorum</strong></span> <span class='ocrx_word' id='word_1_76' title='bbox 509 1409 540 1460; x_wconf 90' lang='lat' dir='ltr'><strong>et</strong></span> <span class='ocrx_word' id='word_1_77' title='bbox 561 1420 649 1480; x_wconf 88' lang='lat' dir='ltr'><strong>supra</strong></span> <span class='ocrx_word' id='word_1_78' title='bbox 670 1420 694 1460; x_wconf 92' lang='lat' dir='ltr'><strong>c.</strong></span> <span class='ocrx_word' id='word_1_79' title='bbox 712 1417 759 1474; x_wconf 81' lang='lat'><strong>²4·</strong></span> <span class='ocrx_word' id='word_1_80' title='bbox 773 1409 804 1458; x_wconf 92' lang='lat' dir='ltr'><strong>et</strong></span> <span class='ocrx_word' id='word_1_81' title='bbox 818 1416 868 1473; x_wconf 88' lang='lat'><strong>40.</strong></span> <span class='ocrx_word' id='word_1_82' title='bbox 905 1399 1106 1478; x_wconf 75' lang='lat' dir='ltr'><strong>Hieronymus</strong></span> <span class='ocrx_word' id='word_1_83' title='bbox 1131 1399 1276 1460; x_wconf 82' lang='lat' dir='ltr'><strong>meminit.</strong></span> 
     </span>
     <span class='ocr_line' id='line_1_11' title="bbox 225 1497 1277 1578; baseline 0 -22"><span class='ocrx_word' id='word_1_84' title='bbox 225 1497 274 1556; x_wconf 85' lang='lat' dir='ltr'><strong>Ex</strong></span> <span class='ocrx_word' id='word_1_85' title='bbox 289 1497 335 1558; x_wconf 87' lang='lat' dir='ltr'><strong>bis</strong></span> <span class='ocrx_word' id='word_1_86' title='bbox 347 1508 381 1558; x_wconf 92' lang='lat' dir='ltr'><strong>ut</strong></span> <span class='ocrx_word' id='word_1_87' title='bbox 395 1499 538 1578; x_wconf 85' lang='lat' dir='ltr'><strong>septimus</strong></span> <span class='ocrx_word' id='word_1_88' title='bbox 558 1498 676 1578; x_wconf 89' lang='lat' dir='ltr'><strong>proprio</strong></span> <span class='ocrx_word' id='word_1_89' title='bbox 696 1497 835 1558; x_wconf 85' lang='lat' dir='ltr'><strong>adversus</strong></span> <span class='ocrx_word' id='word_1_90' title='bbox 849 1497 1028 1577; x_wconf 82' lang='lat' dir='ltr'><strong>Apolloniam</strong></span> <span class='ocrx_word' id='word_1_91' title='bbox 1045 1497 1095 1572; x_wconf 88' lang='lat' dir='ltr'><strong>(de</strong></span> <span class='ocrx_word' id='word_1_92' title='bbox 1113 1517 1172 1575; x_wconf 93' lang='lat' dir='ltr'><strong>quo</strong></span> <span class='ocrx_word' id='word_1_93' title='bbox 1186 1521 1212 1558; x_wconf 93' lang='lat' dir='ltr'><strong>c.</strong></span> <span class='ocrx_word' id='word_1_94' title='bbox 1227 1517 1277 1572; x_wconf 85' lang='lat'><strong>40.</strong></span> 
     </span>
     <span class='ocr_line' id='line_1_12' title="bbox 224 1593 1279 1676; baseline 0.001 -22"><span class='ocrx_word' id='word_1_95' title='bbox 224 1593 335 1656; x_wconf 91' lang='lat' dir='ltr'><strong>dictum</strong></span> <span class='ocrx_word' id='word_1_96' title='bbox 364 1597 422 1670; x_wconf 81' lang='lat' dir='ltr'><strong>est)</strong></span> <span class='ocrx_word' id='word_1_97' title='bbox 451 1597 493 1656; x_wconf 85' lang='lat' dir='ltr'><strong>ita</strong></span> <span class='ocrx_word' id='word_1_98' title='bbox 514 1596 625 1676; x_wconf 85' lang='lat' dir='ltr'><strong>priores</strong></span> <span class='ocrx_word' id='word_1_99' title='bbox 652 1617 704 1656; x_wconf 85' lang='lat' dir='ltr'><strong>sex</strong></span> <span class='ocrx_word' id='word_1_100' title='bbox 732 1595 870 1656; x_wconf 87' lang='lat' dir='ltr'><strong>videntur</strong></span> <span class='ocrx_word' id='word_1_101' title='bbox 892 1595 983 1654; x_wconf 87' lang='lat' dir='ltr'><strong>fuisse</strong></span> <span class='ocrx_word' id='word_1_102' title='bbox 1011 1596 1111 1676; x_wconf 89' lang='lat' dir='ltr'><strong>scripti</strong></span> <span class='ocrx_word' id='word_1_103' title='bbox 1140 1596 1279 1655; x_wconf 86' lang='lat' dir='ltr'><strong>adversus</strong></span> 
     </span>
     <span class='ocr_line' id='line_1_13' title="bbox 223 1691 1275 1773; baseline -0.001 -21"><span class='ocrx_word' id='word_1_104' title='bbox 223 1691 358 1752; x_wconf 81' lang='lat' dir='ltr'><strong>Soterem</strong></span> <span class='ocrx_word' id='word_1_105' title='bbox 380 1693 548 1773; x_wconf 86' lang='lat' dir='ltr'><strong>episcopum</strong></span> <span class='ocrx_word' id='word_1_106' title='bbox 571 1693 682 1755; x_wconf 75' lang='lat' dir='ltr'><strong>Romae.</strong></span> <span class='ocrx_word' id='word_1_107' title='bbox 725 1692 840 1752; x_wconf 80' lang='lat' dir='ltr'><strong>Auctor</strong></span> <span class='ocrx_word' id='word_1_108' title='bbox 866 1693 1070 1753; x_wconf 81' lang='lat' dir='ltr'><strong>Praedestinati</strong></span> <span class='ocrx_word' id='word_1_109' title='bbox 1095 1694 1198 1752; x_wconf 83' lang='lat' dir='ltr'><strong>boeresi</strong></span> <span class='ocrx_word' id='word_1_110' title='bbox 1229 1693 1275 1752; x_wconf 83' lang='lat'><strong>26.</strong></span> 
     </span>
     <span class='ocr_line' id='line_1_14' title="bbox 224 1790 1275 1870; baseline 0.002 -22"><span class='ocrx_word' id='word_1_111' title='bbox 224 1790 350 1870; x_wconf 78' lang='lat' dir='ltr'><strong>Scripsit</strong></span> <span class='ocrx_word' id='word_1_112' title='bbox 375 1800 474 1852; x_wconf 81' lang='lat' dir='ltr'><strong>contra</strong></span> <span class='ocrx_word' id='word_1_113' title='bbox 498 1814 544 1852; x_wconf 91' lang='lat' dir='ltr'><strong>eos</strong></span> <span class='ocrx_word' id='word_1_114' title='bbox 567 1792 795 1866; x_wconf 84' lang='lat' dir='ltr'><strong>(Montanistas)</strong></span> <span class='ocrx_word' id='word_1_115' title='bbox 822 1790 925 1850; x_wconf 85' lang='lat' dir='ltr'><strong>libram</strong></span> <span class='ocrx_word' id='word_1_116' title='bbox 947 1799 1065 1850; x_wconf 85' lang='lat' dir='ltr'><strong>sanctas</strong></span> <span class='ocrx_word' id='word_1_117' title='bbox 1091 1791 1174 1850; x_wconf 84' lang='lat' dir='ltr'><strong>Soter</strong></span> <span class='ocrx_word' id='word_1_118' title='bbox 1192 1812 1275 1870; x_wconf 89' lang='lat' dir='ltr'><strong>papa</strong></span> 
     </span>
     <span class='ocr_line' id='line_1_15' title="bbox 223 1887 1274 1970; baseline 0.003 -25"><span class='ocrx_word' id='word_1_119' title='bbox 223 1887 313 1959; x_wconf 86' lang='lat' dir='ltr'><strong>urbis,</strong></span> <span class='ocrx_word' id='word_1_120' title='bbox 328 1897 355 1948; x_wconf 87' lang='lat' dir='ltr'><strong>et</strong></span> <span class='ocrx_word' id='word_1_121' title='bbox 370 1890 537 1968; x_wconf 81' lang='lat' dir='ltr'><strong>Apollonias</strong></span> <span class='ocrx_word' id='word_1_122' title='bbox 551 1889 741 1970; x_wconf 76' lang='lat' dir='ltr'><strong>Ephesiorum</strong></span> <span class='ocrx_word' id='word_1_123' title='bbox 762 1889 891 1947; x_wconf 86' lang='lat' dir='ltr'><strong>antistes.</strong></span> <span class='ocrx_word' id='word_1_124' title='bbox 937 1888 1045 1947; x_wconf 81' lang='lat' dir='ltr'><strong>Contra</strong></span> <span class='ocrx_word' id='word_1_125' title='bbox 1067 1909 1137 1968; x_wconf 84' lang='lat' dir='ltr'><strong>quos</strong></span> <span class='ocrx_word' id='word_1_126' title='bbox 1156 1887 1274 1968; x_wconf 79' lang='lat' dir='ltr'><strong>scripsit</strong></span> 
     </span>
     <span class='ocr_line' id='line_1_16' title="bbox 227 1985 1275 2066; baseline 0.004 -24"><span class='ocrx_word' id='word_1_127' title='bbox 227 1985 428 2045; x_wconf 77' lang='lat' dir='ltr'><strong>Tertullianus</strong></span> <span class='ocrx_word' id='word_1_128' title='bbox 437 1987 590 2066; x_wconf 76' lang='lat' dir='ltr'><strong>presbyter</strong></span> <span class='ocrx_word' id='word_1_129' title='bbox 607 1985 869 2064; x_wconf 78' lang='lat' dir='ltr'><strong>Carthaginiensis.</strong></span> <span class='ocrx_word' id='word_1_130' title='bbox 909 1985 1043 2051; x_wconf 81' lang='lat' dir='ltr'><strong>Quicum</strong></span> <span class='ocrx_word' id='word_1_131' title='bbox 1057 1986 1151 2045; x_wconf 83' lang='lat' dir='ltr'><strong>ornnia</strong></span> <span class='ocrx_word' id='word_1_132' title='bbox 1167 1987 1235 2046; x_wconf 89' lang='lat' dir='ltr'><strong>bene</strong></span> <span class='ocrx_word' id='word_1_133' title='bbox 1248 1996 1275 2046; x_wconf 89' lang='lat' dir='ltr'><strong>et</strong></span> 
     </span>
     <span class='ocr_line' id='line_1_17' title="bbox 218 2080 1272 2162; baseline 0.002 -24"><span class='ocrx_word' id='word_1_134' title='bbox 218 2080 314 2160; x_wconf 81' lang='lat' dir='ltr'><strong>prime</strong></span> <span class='ocrx_word' id='word_1_135' title='bbox 326 2090 353 2141; x_wconf 89' lang='lat' dir='ltr'><strong>et</strong></span> <span class='ocrx_word' id='word_1_136' title='bbox 368 2081 632 2162; x_wconf 85' lang='lat' dir='ltr'><strong>incomparabiliter</strong></span> <span class='ocrx_word' id='word_1_137' title='bbox 646 2083 805 2160; x_wconf 83' lang='lat' dir='ltr'><strong>scripserit,</strong></span> <span class='ocrx_word' id='word_1_138' title='bbox 822 2083 851 2140; x_wconf 91' lang='lat' dir='ltr'><strong>in</strong></span> <span class='ocrx_word' id='word_1_139' title='bbox 866 2083 918 2141; x_wconf 87' lang='lat' dir='ltr'><strong>boc</strong></span> <span class='ocrx_word' id='word_1_140' title='bbox 932 2083 1021 2141; x_wconf 79' lang='lat' dir='ltr'><strong>solrrm</strong></span> <span class='ocrx_word' id='word_1_141' title='bbox 1042 2103 1073 2141; x_wconf 94' lang='lat' dir='ltr'><strong>se</strong></span> <span class='ocrx_word' id='word_1_142' title='bbox 1094 2082 1272 2162; x_wconf 80' lang='lat' dir='ltr'><strong>repreliensi-</strong></span> 
     </span>
     <span class='ocr_line' id='line_1_18' title="bbox 222 2177 1273 2260; baseline 0.005 -25"><span class='ocrx_word' id='word_1_143' title='bbox 222 2177 304 2236; x_wconf 86' lang='lat' dir='ltr'><strong>bilem</strong></span> <span class='ocrx_word' id='word_1_144' title='bbox 322 2177 410 2258; x_wconf 90' lang='lat' dir='ltr'><strong>fecit,</strong></span> <span class='ocrx_word' id='word_1_145' title='bbox 440 2181 514 2260; x_wconf 84' lang='lat' dir='ltr'><strong>qaod</strong></span> <span class='ocrx_word' id='word_1_146' title='bbox 536 2179 708 2240; x_wconf 88' lang='lat' dir='ltr'><strong>Montanum</strong></span> <span class='ocrx_word' id='word_1_147' title='bbox 734 2178 870 2258; x_wconf 75' lang='lat' dir='ltr'><strong>defendit,</strong></span> <span class='ocrx_word' id='word_1_148' title='bbox 900 2200 990 2258; x_wconf 81' lang='lat' dir='ltr'><strong>ageas</strong></span> <span class='ocrx_word' id='word_1_149' title='bbox 1017 2188 1117 2238; x_wconf 85' lang='lat' dir='ltr'><strong>contra</strong></span> <span class='ocrx_word' id='word_1_150' title='bbox 1147 2180 1273 2240; x_wconf 81' lang='lat' dir='ltr'><strong>Soterem</strong></span> 
     </span>
     <span class='ocr_line' id='line_1_19' title="bbox 221 2275 1272 2357; baseline 0.004 -23"><span class='ocrx_word' id='word_1_151' title='bbox 221 2275 419 2354; x_wconf 83' lang='lat' dir='ltr'><strong>supradictam</strong></span> <span class='ocrx_word' id='word_1_152' title='bbox 440 2277 520 2335; x_wconf 83' lang='lat' dir='ltr'><strong>urbis</strong></span> <span class='ocrx_word' id='word_1_153' title='bbox 538 2299 657 2357; x_wconf 87' lang='lat' dir='ltr'><strong>papam.</strong></span> <span class='ocrx_word' id='word_1_154' title='bbox 699 2277 815 2336; x_wconf 88' lang='lat' dir='ltr'><strong>Novam</strong></span> <span class='ocrx_word' id='word_1_155' title='bbox 837 2297 957 2356; x_wconf 90' lang='lat' dir='ltr'><strong>operum</strong></span> <span class='ocrx_word' id='word_1_156' title='bbox 973 2277 1149 2337; x_wconf 80' lang='lat' dir='ltr'><strong>Tertulliani</strong></span> <span class='ocrx_word' id='word_1_157' title='bbox 1167 2278 1272 2338; x_wconf 89' lang='lat' dir='ltr'><strong>editio-</strong></span> 
     </span>
     <span class='ocr_line' id='line_1_20' title="bbox 221 2372 1273 2452; baseline 0.006 -24"><span class='ocrx_word' id='word_1_158' title='bbox 221 2389 289 2429; x_wconf 85' lang='lat' dir='ltr'><strong>nem</strong></span> <span class='ocrx_word' id='word_1_159' title='bbox 313 2383 380 2450; x_wconf 89' lang='lat' dir='ltr'><strong>post</strong></span> <span class='ocrx_word' id='word_1_160' title='bbox 402 2372 487 2432; x_wconf 84' lang='lat' dir='ltr'><strong>Beati</strong></span> <span class='ocrx_word' id='word_1_161' title='bbox 509 2373 654 2444; x_wconf 88' lang='lat' dir='ltr'><strong>Rhenani,</strong></span> <span class='ocrx_word' id='word_1_162' title='bbox 677 2373 789 2443; x_wconf 76' lang='lat' dir='ltr'><strong>Cerdm,</strong></span> <span class='ocrx_word' id='word_1_163' title='bbox 814 2373 947 2440; x_wconf 89' lang='lat' dir='ltr'><strong>Pamelii,</strong></span> <span class='ocrx_word' id='word_1_164' title='bbox 972 2373 1094 2452; x_wconf 82' lang='lat' dir='ltr'><strong>Rigaltii</strong></span> <span class='ocrx_word' id='word_1_165' title='bbox 1114 2385 1145 2433; x_wconf 91' lang='lat' dir='ltr'><strong>et</strong></span> <span class='ocrx_word' id='word_1_166' title='bbox 1166 2375 1273 2434; x_wconf 89' lang='lat' dir='ltr'><strong>Priorii</strong></span> 
     </span>
     <span class='ocr_line' id='line_1_21' title="bbox 221 2467 1272 2549; baseline 0.006 -25"><span class='ocrx_word' id='word_1_167' title='bbox 221 2485 305 2525; x_wconf 88' lang='lat' dir='ltr'><strong>curas</strong></span> <span class='ocrx_word' id='word_1_168' title='bbox 317 2468 348 2525; x_wconf 94' lang='lat' dir='ltr'><strong>in</strong></span> <span class='ocrx_word' id='word_1_169' title='bbox 363 2467 457 2528; x_wconf 85' lang='lat' dir='ltr'><strong>Gallia</strong></span> <span class='ocrx_word' id='word_1_170' title='bbox 473 2470 560 2529; x_wconf 89' lang='lat' dir='ltr'><strong>bodie</strong></span> <span class='ocrx_word' id='word_1_171' title='bbox 574 2481 657 2549; x_wconf 86' lang='lat' dir='ltr'><strong>perat</strong></span> <span class='ocrx_word' id='word_1_172' title='bbox 672 2469 871 2548; x_wconf 78' lang='lat' dir='ltr'><strong>Malinganus,</strong></span> <span class='ocrx_word' id='word_1_173' title='bbox 886 2470 958 2529; x_wconf 88' lang='lat' dir='ltr'><strong>Ord.</strong></span> <span class='ocrx_word' id='word_1_174' title='bbox 971 2470 1156 2530; x_wconf 87' lang='lat' dir='ltr'><strong>Benedictini</strong></span> <span class='ocrx_word' id='word_1_175' title='bbox 1171 2491 1272 2530; x_wconf 87' lang='lat' dir='ltr'><strong>mona-</strong></span> 
     </span>
     <span class='ocr_line' id='line_1_22' title="bbox 220 2564 1271 2646; baseline 0.007 -25"><span class='ocrx_word' id='word_1_176' title='bbox 220 2564 308 2623; x_wconf 89' lang='lat' dir='ltr'><strong>chus:</strong></span> <span class='ocrx_word' id='word_1_177' title='bbox 331 2576 361 2624; x_wconf 90' lang='lat' dir='ltr'><strong>et</strong></span> <span class='ocrx_word' id='word_1_178' title='bbox 381 2565 411 2623; x_wconf 89' lang='lat' dir='ltr'><strong>in</strong></span> <span class='ocrx_word' id='word_1_179' title='bbox 433 2567 520 2626; x_wconf 88' lang='lat' dir='ltr'><strong>ltalia</strong></span> <span class='ocrx_word' id='word_1_180' title='bbox 541 2579 709 2646; x_wconf 87' lang='lat' dir='ltr'><strong>exspectare</strong></span> <span class='ocrx_word' id='word_1_181' title='bbox 726 2567 832 2645; x_wconf 89' lang='lat' dir='ltr'><strong>jubent</strong></span> <span class='ocrx_word' id='word_1_182' title='bbox 846 2568 900 2625; x_wconf 87' lang='lat' dir='ltr'><strong>viri</strong></span> <span class='ocrx_word' id='word_1_183' title='bbox 922 2568 1000 2627; x_wconf 89' lang='lat' dir='ltr'><strong>docti</strong></span> <span class='ocrx_word' id='word_1_184' title='bbox 1015 2589 1052 2627; x_wconf 87' lang='lat' dir='ltr'><strong>ex</strong></span> <span class='ocrx_word' id='word_1_185' title='bbox 1066 2568 1271 2628; x_wconf 85' lang='lat' dir='ltr'><strong>emendatione</strong></span> 
     </span>
     <span class='ocr_line' id='line_1_23' title="bbox 221 2659 1271 2745; baseline 0.01 -28"><span class='ocrx_word' id='word_1_186' title='bbox 221 2659 310 2740; x_wconf 87' lang='lat' dir='ltr'><strong>Gasp.</strong></span> <span class='ocrx_word' id='word_1_187' title='bbox 326 2661 456 2744; x_wconf 88' lang='lat' dir='ltr'><strong>Scioppii</strong></span> <span class='ocrx_word' id='word_1_188' title='bbox 470 2684 535 2723; x_wconf 90' lang='lat' dir='ltr'><strong>cum</strong></span> <span class='ocrx_word' id='word_1_189' title='bbox 558 2667 636 2724; x_wconf 88' lang='lat' dir='ltr'><strong>notis</strong></span> <span class='ocrx_word' id='word_1_190' title='bbox 653 2664 800 2725; x_wconf 90' lang='lat' dir='ltr'><strong>Gnidonis</strong></span> <span class='ocrx_word' id='word_1_191' title='bbox 814 2664 981 2724; x_wconf 89' lang='lat' dir='ltr'><strong>Pancirolli.</strong></span> <span class='ocrx_word' id='word_1_192' title='bbox 1006 2667 1106 2725; x_wconf 80' lang='lat' dir='ltr'><strong>Fara.</strong></span> <span class='ocrx_word' id='word_1_193' title='bbox 1150 2667 1271 2745; x_wconf 87' lang='lat' dir='ltr'><strong>(Neque</strong></span> 
     </span>
     <span class='ocr_line' id='line_1_24' title="bbox 221 2757 1271 2839; baseline 0.01 -26"><span class='ocrx_word' id='word_1_194' title='bbox 221 2757 373 2828; x_wconf 89' lang='lat' dir='ltr'><strong>Gallicam,</strong></span> <span class='ocrx_word' id='word_1_195' title='bbox 389 2781 483 2839; x_wconf 92' lang='lat' dir='ltr'><strong>neque</strong></span> <span class='ocrx_word' id='word_1_196' title='bbox 505 2761 637 2821; x_wconf 86' lang='lat' dir='ltr'><strong>Italicam</strong></span> <span class='ocrx_word' id='word_1_197' title='bbox 660 2763 818 2822; x_wconf 87' lang='lat' dir='ltr'><strong>editionem</strong></span> <span class='ocrx_word' id='word_1_198' title='bbox 832 2762 1008 2822; x_wconf 89' lang='lat' dir='ltr'><strong>Tertulliani</strong></span> <span class='ocrx_word' id='word_1_199' title='bbox 1029 2764 1077 2823; x_wconf 92' lang='lat' dir='ltr'><strong>hic</strong></span> <span class='ocrx_word' id='word_1_200' title='bbox 1098 2784 1115 2823; x_wconf 94' lang='lat' dir='ltr'><strong>a</strong></span> <span class='ocrx_word' id='word_1_201' title='bbox 1137 2764 1271 2824; x_wconf 87' lang='lat' dir='ltr'><strong>Fabricio</strong></span> 
     </span>
     <span class='ocr_line' id='line_1_25' title="bbox 220 2859 814 2937; baseline 0.01 -26"><span class='ocrx_word' id='word_1_202' title='bbox 220 2866 469 2933; x_wconf 74' lang='lat' dir='ltr'><strong>praemonstratam</strong></span> <span class='ocrx_word' id='word_1_203' title='bbox 485 2859 542 2917; x_wconf 92' lang='lat' dir='ltr'><strong>huc</strong></span> <span class='ocrx_word' id='word_1_204' title='bbox 557 2879 649 2937; x_wconf 87' lang='lat' dir='ltr'><strong>usque</strong></span> <span class='ocrx_word' id='word_1_205' title='bbox 665 2859 814 2930; x_wconf 84' lang='lat' dir='ltr'><strong>vidimus.)</strong></span> 
     </span>
    </p>

    <p class='ocr_par' dir='ltr' id='par_1_4' title="bbox 217 2951 1270 4002">
     <span class='ocr_line' id='line_1_26' title="bbox 263 2951 1270 3036; baseline 0.007 -27"><span class='ocrx_word' id='word_1_206' title='bbox 263 2953 268 2988; x_wconf 65' lang='lat' dir='ltr'><strong>l</strong></span> <span class='ocrx_word' id='word_1_207' title='bbox 283 2951 401 3024; x_wconf 88' lang='lat' dir='ltr'><strong>(Alium</strong></span> <span class='ocrx_word' id='word_1_208' title='bbox 413 2952 604 3034; x_wconf 80' lang='lat' dir='ltr'><strong>Apollonium</strong></span> <span class='ocrx_word' id='word_1_209' title='bbox 619 2971 707 3034; x_wconf 84' lang='lat' dir='ltr'><strong>atque</strong></span> <span class='ocrx_word' id='word_1_210' title='bbox 721 2956 804 3014; x_wconf 91' lang='lat' dir='ltr'><strong>illum</strong></span> <span class='ocrx_word' id='word_1_211' title='bbox 819 2976 906 3036; x_wconf 86' lang='lat' dir='ltr'><strong>supra</strong></span> <span class='ocrx_word' id='word_1_212' title='bbox 920 2968 1186 3026; x_wconf 87' lang='lat' dir='ltr'><strong>commemoratum,</strong></span> <span class='ocrx_word' id='word_1_213' title='bbox 1201 2979 1270 3016; x_wconf 89' lang='lat' dir='ltr'><strong>con·</strong></span> 
     </span>
     <span class='ocr_line' id='line_1_27' title="bbox 220 3049 1269 3132; baseline 0.006 -26"><span class='ocrx_word' id='word_1_214' title='bbox 220 3049 412 3110; x_wconf 84' lang='lat' dir='ltr'><strong>fundentibus</strong></span> <span class='ocrx_word' id='word_1_215' title='bbox 432 3073 482 3110; x_wconf 84' lang='lat' dir='ltr'><strong>eos</strong></span> <span class='ocrx_word' id='word_1_216' title='bbox 506 3053 582 3111; x_wconf 84' lang='lat' dir='ltr'><strong>inter</strong></span> <span class='ocrx_word' id='word_1_217' title='bbox 607 3073 638 3112; x_wconf 88' lang='lat' dir='ltr'><strong>se</strong></span> <span class='ocrx_word' id='word_1_218' title='bbox 660 3053 817 3112; x_wconf 88' lang='lat' dir='ltr'><strong>nonnullis.</strong></span> <span class='ocrx_word' id='word_1_219' title='bbox 861 3055 920 3112; x_wconf 87' lang='lat' dir='ltr'><strong>Hic</strong></span> <span class='ocrx_word' id='word_1_220' title='bbox 942 3056 1020 3114; x_wconf 89' lang='lat' dir='ltr'><strong>enim</strong></span> <span class='ocrx_word' id='word_1_221' title='bbox 1045 3057 1147 3114; x_wconf 82' lang='lat' dir='ltr'><strong>Graeca</strong></span> <span class='ocrx_word' id='word_1_222' title='bbox 1168 3054 1269 3132; x_wconf 84' lang='lat' dir='ltr'><strong>lingua</strong></span> 
     </span>
     <span class='ocr_line' id='line_1_28' title="bbox 219 3146 1268 3230; baseline 0.003 -26"><span class='ocrx_word' id='word_1_223' title='bbox 219 3146 358 3206; x_wconf 85' lang='lat' dir='ltr'><strong>adversus</strong></span> <span class='ocrx_word' id='word_1_224' title='bbox 386 3148 562 3208; x_wconf 84' lang='lat' dir='ltr'><strong>Montanum</strong></span> <span class='ocrx_word' id='word_1_225' title='bbox 593 3151 708 3230; x_wconf 82' lang='lat' dir='ltr'><strong>scripsit</strong></span> <span class='ocrx_word' id='word_1_226' title='bbox 733 3170 817 3226; x_wconf 91' lang='lat' dir='ltr'><strong>opus,</strong></span> <span class='ocrx_word' id='word_1_227' title='bbox 842 3150 926 3227; x_wconf 89' lang='lat' dir='ltr'><strong>cujus</strong></span> <span class='ocrx_word' id='word_1_228' title='bbox 950 3152 1112 3229; x_wconf 82' lang='lat' dir='ltr'><strong>fragmenta</strong></span> <span class='ocrx_word' id='word_1_229' title='bbox 1136 3150 1268 3228; x_wconf 73' lang='lat' dir='ltr'><strong>quaedam</strong></span> 
     </span>
     <span class='ocr_line' id='line_1_29' title="bbox 220 3243 1269 3326; baseline 0.004 -25"><span class='ocrx_word' id='word_1_230' title='bbox 220 3243 367 3303; x_wconf 85' lang='lat' dir='ltr'><strong>Eusebius</strong></span> <span class='ocrx_word' id='word_1_231' title='bbox 381 3247 514 3304; x_wconf 88' lang='lat' dir='ltr'><strong>servarit.</strong></span> <span class='ocrx_word' id='word_1_232' title='bbox 559 3247 605 3305; x_wconf 90' lang='lat' dir='ltr'><strong>De</strong></span> <span class='ocrx_word' id='word_1_233' title='bbox 620 3267 654 3305; x_wconf 91' lang='lat' dir='ltr'><strong>eo</strong></span> <span class='ocrx_word' id='word_1_234' title='bbox 668 3248 729 3325; x_wconf 87' lang='lat' dir='ltr'><strong>agit</strong></span> <span class='ocrx_word' id='word_1_235' title='bbox 745 3247 945 3325; x_wconf 88' lang='lat' dir='ltr'><strong>Hieronymus</strong></span> <span class='ocrx_word' id='word_1_236' title='bbox 960 3246 988 3304; x_wconf 92' lang='lat' dir='ltr'><strong>in</strong></span> <span class='ocrx_word' id='word_1_237' title='bbox 1004 3266 1065 3326; x_wconf 90' lang='lat' dir='ltr'><strong>cap.</strong></span> <span class='ocrx_word' id='word_1_238' title='bbox 1076 3267 1125 3321; x_wconf 87' lang='lat'><strong>40,</strong></span> <span class='ocrx_word' id='word_1_239' title='bbox 1141 3246 1191 3305; x_wconf 92' lang='lat' dir='ltr'><strong>ubi</strong></span> <span class='ocrx_word' id='word_1_240' title='bbox 1208 3246 1269 3306; x_wconf 83' lang='lat' dir='ltr'><strong>haec</strong></span> 
     </span>
     <span class='ocr_line' id='line_1_30' title="bbox 219 3342 1266 3420; baseline 0.003 -21"><span class='ocrx_word' id='word_1_241' title='bbox 219 3342 327 3420; x_wconf 88' lang='lat' dir='ltr'><strong>posuit,</strong></span> <span class='ocrx_word' id='word_1_242' title='bbox 347 3342 544 3402; x_wconf 83' lang='lat' dir='ltr'><strong>Tertullianus</strong></span> <span class='ocrx_word' id='word_1_243' title='bbox 564 3365 615 3402; x_wconf 84' lang='lat' dir='ltr'><strong>sca</strong></span> <span class='ocrx_word' id='word_1_244' title='bbox 637 3343 825 3403; x_wconf 77' lang='lat' dir='ltr'><strong>solaminibus</strong></span> <span class='ocrx_word' id='word_1_245' title='bbox 845 3342 984 3402; x_wconf 86' lang='lat' dir='ltr'><strong>adversus</strong></span> <span class='ocrx_word' id='word_1_246' title='bbox 1005 3344 1150 3403; x_wconf 84' lang='lat' dir='ltr'><strong>ecclesiam</strong></span> <span class='ocrx_word' id='word_1_247' title='bbox 1172 3345 1266 3416; x_wconf 85' lang='lat' dir='ltr'><strong>editis,</strong></span> 
     </span>
     <span class='ocr_line' id='line_1_31' title="bbox 219 3440 1269 3520; baseline 0.003 -24"><span class='ocrx_word' id='word_1_248' title='bbox 219 3459 280 3517; x_wconf 80' lang='lat' dir='ltr'><strong>qna</strong></span> <span class='ocrx_word' id='word_1_249' title='bbox 300 3441 417 3519; x_wconf 87' lang='lat' dir='ltr'><strong>scripsit</strong></span> <span class='ocrx_word' id='word_1_250' title='bbox 438 3445 498 3516; x_wconf 75' lang='grc' dir='ltr'>περὶ</span> <span class='ocrx_word' id='word_1_251' title='bbox 518 3446 674 3513; x_wconf 72' lang='grc' dir='ltr'><strong><em>ἐκστάσεως,</em></strong></span> <span class='ocrx_word' id='word_1_252' title='bbox 689 3440 839 3519; x_wconf 82' lang='lat' dir='ltr'><strong>septimum</strong></span> <span class='ocrx_word' id='word_1_253' title='bbox 860 3441 978 3520; x_wconf 86' lang='lat' dir='ltr'><strong>proprie</strong></span> <span class='ocrx_word' id='word_1_254' title='bbox 999 3440 1139 3499; x_wconf 87' lang='lat' dir='ltr'><strong>aduersus</strong></span> <span class='ocrx_word' id='word_1_255' title='bbox 1153 3441 1269 3519; x_wconf 84' lang='lat' dir='ltr'><strong>Apollo·</strong></span> 
     </span>
     <span class='ocr_line' id='line_1_32' title="bbox 220 3537 1266 3620; baseline 0.005 -26"><span class='ocrx_word' id='word_1_256' title='bbox 220 3537 295 3595; x_wconf 87' lang='lat' dir='ltr'><strong>aium</strong></span> <span class='ocrx_word' id='word_1_257' title='bbox 311 3538 476 3605; x_wconf 87' lang='lat' dir='ltr'><strong>elaboravit,</strong></span> <span class='ocrx_word' id='word_1_258' title='bbox 493 3539 522 3598; x_wconf 88' lang='lat' dir='ltr'><strong>ia</strong></span> <span class='ocrx_word' id='word_1_259' title='bbox 537 3541 699 3620; x_wconf 88' lang='lat' dir='ltr'><strong>quaomnia</strong></span> <span class='ocrx_word' id='word_1_260' title='bbox 714 3557 775 3619; x_wconf 78' lang='lat' dir='ltr'><strong>quse</strong></span> <span class='ocrx_word' id='word_1_261' title='bbox 789 3539 837 3598; x_wconf 88' lang='lat' dir='ltr'><strong>ille</strong></span> <span class='ocrx_word' id='word_1_262' title='bbox 852 3539 960 3617; x_wconf 84' lang='lat' dir='ltr'><strong>arguit,</strong></span> <span class='ocrx_word' id='word_1_263' title='bbox 976 3548 1097 3598; x_wconf 88' lang='lat' dir='ltr'><strong>conatur</strong></span> <span class='ocrx_word' id='word_1_264' title='bbox 1106 3539 1266 3618; x_wconf 82' lang='lat' dir='ltr'><strong>defendere.</strong></span> 
     </span>
     <span class='ocr_line' id='line_1_33' title="bbox 219 3633 1267 3718; baseline 0.004 -26"><span class='ocrx_word' id='word_1_265' title='bbox 219 3633 266 3692; x_wconf 92' lang='lat' dir='ltr'><strong>De</strong></span> <span class='ocrx_word' id='word_1_266' title='bbox 286 3635 379 3694; x_wconf 87' lang='lat' dir='ltr'><strong>altero</strong></span> <span class='ocrx_word' id='word_1_267' title='bbox 400 3635 560 3715; x_wconf 88' lang='lat' dir='ltr'><strong>Apollonio</strong></span> <span class='ocrx_word' id='word_1_268' title='bbox 580 3637 719 3696; x_wconf 72' lang='lat' dir='ltr'><strong>Romana</strong></span> <span class='ocrx_word' id='word_1_269' title='bbox 742 3640 821 3699; x_wconf 83' lang='lat' dir='ltr'><strong>urbis</strong></span> <span class='ocrx_word' id='word_1_270' title='bbox 848 3651 988 3708; x_wconf 86' lang='lat' dir='ltr'><strong>senatore,</strong></span> <span class='ocrx_word' id='word_1_271' title='bbox 1004 3638 1055 3718; x_wconf 92' lang='lat' dir='ltr'><strong>qui</strong></span> <span class='ocrx_word' id='word_1_272' title='bbox 1076 3658 1130 3718; x_wconf 91' lang='lat' dir='ltr'><strong>pro</strong></span> <span class='ocrx_word' id='word_1_273' title='bbox 1148 3638 1267 3698; x_wconf 89' lang='lat' dir='ltr'><strong>Christo</strong></span> 
     </span>
     <span class='ocr_line' id='line_1_34' title="bbox 218 3733 1266 3814; baseline 0.005 -25"><span class='ocrx_word' id='word_1_274' title='bbox 218 3751 319 3809; x_wconf 85' lang='lat' dir='ltr'><strong>passus</strong></span> <span class='ocrx_word' id='word_1_275' title='bbox 350 3743 405 3802; x_wconf 86' lang='lat' dir='ltr'><strong>est,</strong></span> <span class='ocrx_word' id='word_1_276' title='bbox 427 3733 478 3792; x_wconf 88' lang='lat' dir='ltr'><strong>sed</strong></span> <span class='ocrx_word' id='word_1_277' title='bbox 506 3735 556 3811; x_wconf 93' lang='lat' dir='ltr'><strong>qui</strong></span> <span class='ocrx_word' id='word_1_278' title='bbox 585 3736 740 3814; x_wconf 89' lang='lat' dir='ltr'><strong>impetrata</strong></span> <span class='ocrx_word' id='word_1_279' title='bbox 763 3739 857 3806; x_wconf 87' lang='lat' dir='ltr'><strong>venia,</strong></span> <span class='ocrx_word' id='word_1_280' title='bbox 886 3748 920 3795; x_wconf 91' lang='lat' dir='ltr'><strong>ut</strong></span> <span class='ocrx_word' id='word_1_281' title='bbox 948 3738 1088 3796; x_wconf 89' lang='lat' dir='ltr'><strong>rationem</strong></span> <span class='ocrx_word' id='word_1_282' title='bbox 1115 3736 1181 3794; x_wconf 84' lang='lat' dir='ltr'><strong>fidei</strong></span> <span class='ocrx_word' id='word_1_283' title='bbox 1207 3757 1266 3794; x_wconf 80' lang='lat' dir='ltr'><strong>suoe</strong></span> 
     </span>
     <span class='ocr_line' id='line_1_35' title="bbox 218 3826 1266 3912; baseline 0.003 -26"><span class='ocrx_word' id='word_1_284' title='bbox 218 3826 362 3896; x_wconf 87' lang='lat' dir='ltr'><strong>redderet,</strong></span> <span class='ocrx_word' id='word_1_285' title='bbox 385 3829 546 3910; x_wconf 87' lang='lat' dir='ltr'><strong>apologiam</strong></span> <span class='ocrx_word' id='word_1_286' title='bbox 569 3834 742 3912; x_wconf 88' lang='lat' dir='ltr'><strong>composuit,</strong></span> <span class='ocrx_word' id='word_1_287' title='bbox 764 3833 821 3891; x_wconf 90' lang='lat' dir='ltr'><strong>alio</strong></span> <span class='ocrx_word' id='word_1_288' title='bbox 842 3835 946 3912; x_wconf 86' lang='lat' dir='ltr'><strong>capite,</strong></span> <span class='ocrx_word' id='word_1_289' title='bbox 965 3854 1069 3912; x_wconf 88' lang='lat' dir='ltr'><strong>nempe</strong></span> <span class='ocrx_word' id='word_1_290' title='bbox 1090 3853 1139 3907; x_wconf 79' lang='lat'><strong>42,</strong></span> <span class='ocrx_word' id='word_1_291' title='bbox 1157 3830 1266 3890; x_wconf 86' lang='lat' dir='ltr'><strong>Hiero-</strong></span> 
     </span>
     <span class='ocr_line' id='line_1_36' title="bbox 217 3933 465 4002; baseline 0.02 -22"><span class='ocrx_word' id='word_1_292' title='bbox 217 3943 322 4002; x_wconf 85' lang='lat' dir='ltr'><strong>nymus</strong></span> <span class='ocrx_word' id='word_1_293' title='bbox 336 3933 465 3997; x_wconf 89' lang='lat' dir='ltr'><strong>tractat.)</strong></span> 
     </span>
    </p>

    <p class='ocr_par' dir='ltr' id='par_1_5' title="bbox 218 4019 1266 4297">
     <span class='ocr_line' id='line_1_37' title="bbox 257 4019 1266 4105; baseline 0.006 -27"><span class='ocrx_word' id='word_1_294' title='bbox 257 4019 274 4062; x_wconf 85' lang='lat' dir='ltr'>k</span> <span class='ocrx_word' id='word_1_295' title='bbox 289 4021 443 4082; x_wconf 87' lang='lat' dir='ltr'><strong>Contraria</strong></span> <span class='ocrx_word' id='word_1_296' title='bbox 464 4043 560 4094; x_wconf 88' lang='lat' dir='ltr'><strong>sensu,</strong></span> <span class='ocrx_word' id='word_1_297' title='bbox 576 4025 652 4083; x_wconf 83' lang='lat' dir='ltr'><strong>forte</strong></span> <span class='ocrx_word' id='word_1_298' title='bbox 674 4035 703 4082; x_wconf 92' lang='lat' dir='ltr'><strong>et</strong></span> <span class='ocrx_word' id='word_1_299' title='bbox 718 4026 841 4092; x_wconf 84' lang='lat' dir='ltr'><strong>veriore,</strong></span> <span class='ocrx_word' id='word_1_300' title='bbox 856 4024 926 4104; x_wconf 86' lang='lat' dir='ltr'><strong>legit</strong></span> <span class='ocrx_word' id='word_1_301' title='bbox 941 4024 1003 4083; x_wconf 90' lang='lat' dir='ltr'><strong>cod.</strong></span> <span class='ocrx_word' id='word_1_302' title='bbox 1019 4024 1189 4093; x_wconf 89' lang='lat' dir='ltr'><strong>Vaticanus,</strong></span> <span class='ocrx_word' id='word_1_303' title='bbox 1205 4047 1266 4105; x_wconf 80' lang='lat' dir='ltr'><strong>qreoe</strong></span> 
     </span>
     <span class='ocr_line' id='line_1_38' title="bbox 218 4121 1263 4201; baseline 0.008 -25"><span class='ocrx_word' id='word_1_304' title='bbox 218 4139 292 4178; x_wconf 84' lang='lat' dir='ltr'><strong>nanc</strong></span> <span class='ocrx_word' id='word_1_305' title='bbox 319 4129 427 4187; x_wconf 78' lang='lat' dir='ltr'><strong>estant,</strong></span> <span class='ocrx_word' id='word_1_306' title='bbox 454 4141 507 4201; x_wconf 89' lang='lat' dir='ltr'><strong>pro</strong></span> <span class='ocrx_word' id='word_1_307' title='bbox 530 4143 584 4180; x_wconf 89' lang='lat' dir='ltr'><strong>non</strong></span> <span class='ocrx_word' id='word_1_308' title='bbox 608 4131 715 4181; x_wconf 77' lang='lat' dir='ltr'><strong>estant.</strong></span> <span class='ocrx_word' id='word_1_309' title='bbox 759 4121 801 4180; x_wconf 85' lang='lat' dir='ltr'><strong>Et</strong></span> <span class='ocrx_word' id='word_1_310' title='bbox 826 4121 932 4180; x_wconf 86' lang='lat' dir='ltr'><strong>librum</strong></span> <span class='ocrx_word' id='word_1_311' title='bbox 957 4121 1073 4199; x_wconf 87' lang='lat' dir='ltr'><strong>quidem</strong></span> <span class='ocrx_word' id='word_1_312' title='bbox 1099 4125 1133 4182; x_wconf 88' lang='lat' dir='ltr'><strong>de</strong></span> <span class='ocrx_word' id='word_1_313' title='bbox 1155 4123 1263 4184; x_wconf 78' lang='lat' dir='ltr'><strong>Aaron.</strong></span> 
     </span>
     <span class='ocr_line' id='line_1_39' title="bbox 222 4213 1262 4297; baseline 0.009 -26"><span class='ocrx_word' id='word_1_314' title='bbox 222 4213 351 4275; x_wconf 84' lang='lat' dir='ltr'><strong>Vestibus</strong></span> <span class='ocrx_word' id='word_1_315' title='bbox 366 4217 567 4296; x_wconf 84' lang='lat' dir='ltr'><strong>Hieronymus</strong></span> <span class='ocrx_word' id='word_1_316' title='bbox 582 4217 640 4297; x_wconf 82' lang='lat' dir='ltr'><strong>Ep.</strong></span> <span class='ocrx_word' id='word_1_317' title='bbox 655 4220 703 4293; x_wconf 88' lang='grc'><strong>64.</strong></span> <span class='ocrx_word' id='word_1_318' title='bbox 719 4217 756 4276; x_wconf 88' lang='lat' dir='ltr'><strong>ad</strong></span> <span class='ocrx_word' id='word_1_319' title='bbox 779 4216 926 4276; x_wconf 83' lang='lat' dir='ltr'><strong>Fabiolam</strong></span> <span class='ocrx_word' id='word_1_320' title='bbox 948 4217 985 4276; x_wconf 91' lang='lat' dir='ltr'><strong>de</strong></span> <span class='ocrx_word' id='word_1_321' title='bbox 1004 4219 1080 4277; x_wconf 88' lang='lat' dir='ltr'><strong>Vest.</strong></span> <span class='ocrx_word' id='word_1_322' title='bbox 1097 4220 1216 4280; x_wconf 88' lang='lat' dir='ltr'><strong>Sacerd.</strong></span> <span class='ocrx_word' id='word_1_323' title='bbox 1233 4223 1262 4280; x_wconf 90' lang='lat' dir='ltr'><strong>iu</strong></span> 
     </span>
    </p>
   </div>
   <div class='ocr_carea' id='block_1_3' title="bbox 217 4309 1264 4392">
    <p class='ocr_par' dir='ltr' id='par_1_6' title="bbox 217 4309 1264 4392">
     <span class='ocr_line' id='line_1_40' title="bbox 217 4309 1264 4392; baseline 0.003 -23"><span class='ocrx_word' id='word_1_324' title='bbox 217 4309 284 4380; x_wconf 85' lang='lat' dir='ltr'><strong>fine,</strong></span> <span class='ocrx_word' id='word_1_325' title='bbox 298 4313 407 4373; x_wconf 76' lang='lat' dir='ltr'><strong>frustra</strong></span> <span class='ocrx_word' id='word_1_326' title='bbox 428 4315 564 4392; x_wconf 68' lang='lat' dir='ltr'><strong>quaesisse</strong></span> <span class='ocrx_word' id='word_1_327' title='bbox 589 4337 620 4374; x_wconf 83' lang='lat' dir='ltr'><strong>se</strong></span> <span class='ocrx_word' id='word_1_328' title='bbox 641 4316 730 4384; x_wconf 67' lang='lat' dir='ltr'><strong>dicit:</strong></span> <span class='ocrx_word' id='word_1_329' title='bbox 753 4315 804 4374; x_wconf 88' lang='lat' dir='ltr'><strong>sed</strong></span> <span class='ocrx_word' id='word_1_330' title='bbox 826 4313 881 4372; x_wconf 91' lang='lat' dir='ltr'><strong>alia</strong></span> <span class='ocrx_word' id='word_1_331' title='bbox 902 4327 972 4374; x_wconf 90' lang='lat' dir='ltr'><strong>suut</strong></span> <span class='ocrx_word' id='word_1_332' title='bbox 991 4315 1164 4376; x_wconf 82' lang='lat' dir='ltr'><strong>Tertulliani</strong></span> <span class='ocrx_word' id='word_1_333' title='bbox 1180 4319 1264 4378; x_wconf 83' lang='lat' dir='ltr'><strong>volu.</strong></span> 
     </span>
    </p>
   </div>
   <div class='ocr_carea' id='block_1_4' title="bbox 733 4414 786 4473">
    <p class='ocr_par' dir='ltr' id='par_1_7' title="bbox 733 4414 786 4473">
     <span class='ocr_line' id='line_1_41' title="bbox 733 4414 786 4473; baseline 0.019 -1"><span class='ocrx_word' id='word_1_334' title='bbox 733 4414 786 4473; x_wconf 77' lang='lat' dir='ltr'><strong>ou</strong></span> 
     </span>
    </p>
   </div>
   <div class='ocr_carea' id='block_1_5' title="bbox 0 0 1662 5198">
    <p class='ocr_par' dir='ltr' id='par_1_8' title="bbox 0 0 1662 5198">
     <span class='ocr_line' id='line_1_42' title="bbox 0 0 1662 5198; baseline 0 3"><span class='ocrx_word' id='word_1_335' title='bbox 0 0 1662 5198; x_wconf 95' lang='lat' dir='ltr'><strong> </strong></span> 
     </span>
    </p>
   </div>
  </div>
 </body>
</html>
