<?xml version="1.0" encoding="UTF-8"?>
<!DOCTYPE html PUBLIC "-//W3C//DTD XHTML 1.0 Transitional//EN"
    "http://www.w3.org/TR/xhtml1/DTD/xhtml1-transitional.dtd">
<html xmlns="http://www.w3.org/1999/xhtml" xml:lang="en" lang="en">
 <head>
  <title>
</title>
<meta http-equiv="Content-Type" content="text/html;charset=utf-8" />
  <meta name='ocr-system' content='tesseract 3.04.00' />
  <meta name='ocr-capabilities' content='ocr_page ocr_carea ocr_par ocr_line ocrx_word'/>
</head>
<body>
  <div class='ocr_page' id='page_1' title='image "./scriptorumeccle00routgoog_0288.png"; bbox 0 0 3314 5190; ppageno 0'>
   <div class='ocr_carea' id='block_1_1' title="bbox 400 487 1247 556">
    <p class='ocr_par' dir='ltr' id='par_1_1' title="bbox 400 487 1247 556">
     <span class='ocr_line' id='line_1_1' title="bbox 400 487 1247 556; baseline 0.001 -3"><span class='ocrx_word' id='word_1_1' title='bbox 400 487 464 554; x_wconf 88' lang='lat' dir='ltr'>DE</span> <span class='ocrx_word' id='word_1_2' title='bbox 489 489 747 556; x_wconf 84' lang='lat' dir='ltr'>IDOLORUM</span> <span class='ocrx_word' id='word_1_3' title='bbox 772 487 1037 554; x_wconf 85' lang='lat' dir='ltr'>VANITATE.</span> <span class='ocrx_word' id='word_1_4' title='bbox 1182 489 1247 555; x_wconf 69' lang='lat'>273</span> 
     </span>
    </p>
   </div>
   <div class='ocr_carea' id='block_1_2' title="bbox 138 663 1245 4358">
    <p class='ocr_par' dir='ltr' id='par_1_2' title="bbox 191 663 1245 1108">
     <span class='ocr_line' id='line_1_2' title="bbox 192 663 1243 758; baseline 0 -22"><span class='ocrx_word' id='word_1_5' title='bbox 192 665 352 736; x_wconf 79' lang='lat' dir='ltr'>fatentur</span> <span class='ocrx_word' id='word_1_6' title='bbox 376 673 415 735; x_wconf 91' lang='lat' dir='ltr'>et</span> <span class='ocrx_word' id='word_1_7' title='bbox 444 667 490 736; x_wconf 90' lang='lat' dir='ltr'>ds</span> <span class='ocrx_word' id='word_1_8' title='bbox 519 663 669 735; x_wconf 75' lang='lat' dir='ltr'>obsessis</span> <span class='ocrx_word' id='word_1_9' title='bbox 699 664 903 758; x_wconf 80' lang='lat' dir='ltr'>corporibus</span> <span class='ocrx_word' id='word_1_10' title='bbox 932 665 1031 734; x_wconf 86' lang='lat' dir='ltr'>exiro</span> <span class='ocrx_word' id='word_1_11' title='bbox 1057 673 1243 758; x_wconf 86' lang='lat' dir='ltr'>coguntur.</span> 
     </span>
     <span class='ocr_line' id='line_1_3' title="bbox 193 779 1245 873; baseline -0.002 -20"><span class='ocrx_word' id='word_1_12' title='bbox 193 779 329 853; x_wconf 80' lang='lat' dir='ltr'>Videas</span> <span class='ocrx_word' id='word_1_13' title='bbox 345 780 425 852; x_wconf 90' lang='lat' dir='ltr'>illos</span> <span class='ocrx_word' id='word_1_14' title='bbox 446 789 566 852; x_wconf 88' lang='lat' dir='ltr'>nostra</span> <span class='ocrx_word' id='word_1_15' title='bbox 581 801 670 852; x_wconf 80' lang='lat' dir='ltr'>voce</span> <span class='ocrx_word' id='word_1_16' title='bbox 691 789 729 851; x_wconf 89' lang='lat' dir='ltr'>et</span> <span class='ocrx_word' id='word_1_17' title='bbox 749 781 954 873; x_wconf 79' lang='lat' dir='ltr'>operatione</span> <span class='ocrx_word' id='word_1_18' title='bbox 973 781 1169 873; x_wconf 88' lang='lat' dir='ltr'>majestatis</span> <span class='ocrx_word' id='word_1_19' title='bbox 1186 803 1245 851; x_wconf 80' lang='lat' dir='ltr'>oo·</span> 
     </span>
     <span class='ocr_line' id='line_1_4' title="bbox 192 896 1242 991; baseline 0.002 -24"><span class='ocrx_word' id='word_1_20' title='bbox 192 896 301 968; x_wconf 87' lang='lat' dir='ltr'>cultae</span> <span class='ocrx_word' id='word_1_21' title='bbox 327 896 444 991; x_wconf 84' lang='lat' dir='ltr'>flagris</span> <span class='ocrx_word' id='word_1_22' title='bbox 474 897 574 979; x_wconf 88' lang='lat' dir='ltr'>caedi,</span> <span class='ocrx_word' id='word_1_23' title='bbox 605 899 687 990; x_wconf 87' lang='lat' dir='ltr'>igne</span> <span class='ocrx_word' id='word_1_24' title='bbox 716 899 851 980; x_wconf 86' lang='lat' dir='ltr'>torreri,</span> <span class='ocrx_word' id='word_1_25' title='bbox 877 897 1097 970; x_wconf 89' lang='lat' dir='ltr'>incremento</span> <span class='ocrx_word' id='word_1_26' title='bbox 1126 921 1242 991; x_wconf 87' lang='lat' dir='ltr'>poenae</span> 
     </span>
     <span class='ocr_line' id='line_1_5' title="bbox 191 1011 1242 1108; baseline 0 -24"><span class='ocrx_word' id='word_1_27' title='bbox 191 1016 418 1108; x_wconf 85' lang='lat' dir='ltr'>propagantis</span> <span class='ocrx_word' id='word_1_28' title='bbox 434 1013 591 1096; x_wconf 84' lang='lat' dir='ltr'>extendi,</span> <span class='ocrx_word' id='word_1_29' title='bbox 607 1011 748 1105; x_wconf 90' lang='lat' dir='ltr'>ejulare,</span> <span class='ocrx_word' id='word_1_30' title='bbox 761 1035 914 1107; x_wconf 87' lang='lat' dir='ltr'>gemere,</span> <span class='ocrx_word' id='word_1_31' title='bbox 928 1015 1107 1106; x_wconf 85' lang='lat' dir='ltr'>deprecari</span> <span class='ocrx_word' id='word_1_32' title='bbox 1120 1037 1129 1097; x_wconf 91' lang='grc'><strong>;</strong></span> <span class='ocrx_word' id='word_1_33' title='bbox 1147 1015 1242 1084; x_wconf 89' lang='lat' dir='ltr'>unde</span> 
     </span>
    </p>

    <p class='ocr_par' dir='ltr' id='par_1_3' title="bbox 164 1129 1242 1688">
     <span class='ocr_line' id='line_1_6' title="bbox 164 1129 1242 1222; baseline 0.002 -23"><span class='ocrx_word' id='word_1_34' title='bbox 164 1131 336 1214; x_wconf 74' lang='lat' dir='ltr'>sveniant</span> <span class='ocrx_word' id='word_1_35' title='bbox 352 1136 390 1200; x_wconf 91' lang='lat' dir='ltr'>et</span> <span class='ocrx_word' id='word_1_36' title='bbox 407 1129 547 1222; x_wconf 90' lang='lat' dir='ltr'>quando</span> <span class='ocrx_word' id='word_1_37' title='bbox 564 1129 747 1200; x_wconf 81' lang='lat' dir='ltr'>discedant</span> <span class='ocrx_word' id='word_1_38' title='bbox 763 1129 847 1222; x_wconf 90' lang='lat' dir='ltr'>ipsis</span> <span class='ocrx_word' id='word_1_39' title='bbox 864 1131 973 1200; x_wconf 91' lang='lat' dir='ltr'>etiam</span> <span class='ocrx_word' id='word_1_40' title='bbox 990 1131 1050 1222; x_wconf 93' lang='lat' dir='ltr'>qui</span> <span class='ocrx_word' id='word_1_41' title='bbox 1064 1153 1102 1201; x_wconf 87' lang='lat' dir='ltr'>se</span> <span class='ocrx_word' id='word_1_42' title='bbox 1119 1129 1242 1202; x_wconf 89' lang='lat' dir='ltr'>colunt</span> 
     </span>
     <span class='ocr_line' id='line_1_7' title="bbox 190 1243 1242 1328; baseline 0.002 -14"><span class='ocrx_word' id='word_1_43' title='bbox 190 1245 415 1316; x_wconf 87' lang='lat' dir='ltr'>audientibus</span> <span class='ocrx_word' id='word_1_44' title='bbox 432 1245 613 1328; x_wconf 83' lang='lat' dir='ltr'>confiteri3</span> <span class='ocrx_word' id='word_1_45' title='bbox 639 1254 677 1315; x_wconf 91' lang='lat' dir='ltr'>et</span> <span class='ocrx_word' id='word_1_46' title='bbox 693 1243 750 1314; x_wconf 86' lang='lat' dir='ltr'>vel</span> <span class='ocrx_word' id='word_1_47' title='bbox 768 1244 920 1314; x_wconf 88' lang='lat' dir='ltr'>exiliunt</span> <span class='ocrx_word' id='word_1_48' title='bbox 937 1247 1068 1327; x_wconf 87' lang='lat' dir='ltr'>statim,</span> <span class='ocrx_word' id='word_1_49' title='bbox 1087 1244 1143 1316; x_wconf 86' lang='lat' dir='ltr'>vel</span> <span class='ocrx_word' id='word_1_50' title='bbox 1161 1267 1242 1316; x_wconf 86' lang='lat' dir='ltr'>eva-</span> 
     </span>
     <span class='ocr_line' id='line_1_8' title="bbox 190 1361 1242 1454; baseline 0.003 -24"><span class='ocrx_word' id='word_1_51' title='bbox 190 1369 340 1431; x_wconf 88' lang='lat' dir='ltr'>nescunt</span> <span class='ocrx_word' id='word_1_52' title='bbox 364 1361 549 1454; x_wconf 79' lang='lat' dir='ltr'>gradatim,</span> <span class='ocrx_word' id='word_1_53' title='bbox 577 1369 683 1454; x_wconf 88' lang='lat' dir='ltr'>pmut</span> <span class='ocrx_word' id='word_1_54' title='bbox 707 1361 794 1432; x_wconf 86' lang='lat' dir='ltr'>fides</span> <span class='ocrx_word' id='word_1_55' title='bbox 819 1363 987 1453; x_wconf 87' lang='lat' dir='ltr'>patientis</span> <span class='ocrx_word' id='word_1_56' title='bbox 1010 1363 1154 1454; x_wconf 87' lang='lat' dir='ltr'>adjuvat</span> <span class='ocrx_word' id='word_1_57' title='bbox 1178 1371 1242 1433; x_wconf 90' lang='lat' dir='ltr'>aut</span> 
     </span>
     <span class='ocr_line' id='line_1_9' title="bbox 189 1476 1239 1572; baseline 0.002 -26"><span class='ocrx_word' id='word_1_58' title='bbox 189 1479 305 1572; x_wconf 86' lang='lat' dir='ltr'>gratia</span> <span class='ocrx_word' id='word_1_59' title='bbox 332 1479 488 1548; x_wconf 87' lang='lat' dir='ltr'>curantis</span> <span class='ocrx_word' id='word_1_60' title='bbox 517 1478 681 1570; x_wconf 89' lang='lat' dir='ltr'>adspirat.</span> <span class='ocrx_word' id='word_1_61' title='bbox 754 1476 852 1547; x_wconf 91' lang='lat' dir='ltr'>Hino</span> <span class='ocrx_word' id='word_1_62' title='bbox 891 1477 1018 1572; x_wconf 84' lang='lat' dir='ltr'>vulgus</span> <span class='ocrx_word' id='word_1_63' title='bbox 1051 1481 1089 1548; x_wconf 91' lang='lat' dir='ltr'>in</span> <span class='ocrx_word' id='word_1_64' title='bbox 1119 1481 1239 1550; x_wconf 91' lang='lat' dir='ltr'>odium</span> 
     </span>
     <span class='ocr_line' id='line_1_10' title="bbox 189 1594 1241 1688; baseline 0.002 -23"><span class='ocrx_word' id='word_1_65' title='bbox 189 1595 300 1665; x_wconf 86' lang='lat' dir='ltr'>nostri</span> <span class='ocrx_word' id='word_1_66' title='bbox 330 1595 483 1665; x_wconf 91' lang='lat' dir='ltr'>nominis</span> <span class='ocrx_word' id='word_1_67' title='bbox 510 1603 653 1688; x_wconf 85' lang='lat' dir='ltr'>oog1mt‚</span> <span class='ocrx_word' id='word_1_68' title='bbox 679 1602 720 1664; x_wconf 91' lang='lat' dir='ltr'>ut</span> <span class='ocrx_word' id='word_1_69' title='bbox 745 1615 810 1664; x_wconf 90' lang='lat' dir='ltr'>nos</span> <span class='ocrx_word' id='word_1_70' title='bbox 835 1594 951 1664; x_wconf 85' lang='lat' dir='ltr'>odisse</span> <span class='ocrx_word' id='word_1_71' title='bbox 980 1597 1150 1688; x_wconf 85' lang='lat' dir='ltr'>incipiant</span> <span class='ocrx_word' id='word_1_72' title='bbox 1178 1597 1241 1666; x_wconf 93' lang='lat' dir='ltr'>ho-</span> 
     </span>
    </p>

    <p class='ocr_par' dir='ltr' id='par_1_4' title="bbox 145 1710 1240 1917">
     <span class='ocr_line' id='line_1_11' title="bbox 145 1710 1240 1805; baseline -0.001 -21"><span class='ocrx_word' id='word_1_73' title='bbox 145 1710 303 1784; x_wconf 72' lang='lat' dir='ltr'>semines</span> <span class='ocrx_word' id='word_1_74' title='bbox 320 1720 511 1802; x_wconf 85' lang='lat' dir='ltr'>antequam</span> <span class='ocrx_word' id='word_1_75' title='bbox 528 1731 652 1792; x_wconf 90' lang='lat' dir='ltr'>nosse;</span> <span class='ocrx_word' id='word_1_76' title='bbox 678 1731 723 1780; x_wconf 89' lang='lat' dir='ltr'>ue</span> <span class='ocrx_word' id='word_1_77' title='bbox 747 1710 908 1802; x_wconf 89' lang='lat' dir='ltr'>cognitos</span> <span class='ocrx_word' id='word_1_78' title='bbox 927 1718 990 1780; x_wconf 87' lang='lat' dir='ltr'>aut</span> <span class='ocrx_word' id='word_1_79' title='bbox 1014 1712 1143 1782; x_wconf 87' lang='lat' dir='ltr'>imitan&#39;</span> <span class='ocrx_word' id='word_1_80' title='bbox 1160 1735 1240 1805; x_wconf 87' lang='lat' dir='ltr'>pos-</span> 
     </span>
     <span class='ocr_line' id='line_1_12' title="bbox 188 1825 775 1917; baseline -0.003 -20"><span class='ocrx_word' id='word_1_81' title='bbox 188 1828 260 1898; x_wconf 89' lang='lat' dir='ltr'>sint</span> <span class='ocrx_word' id='word_1_82' title='bbox 276 1835 339 1897; x_wconf 89' lang='lat' dir='ltr'>ant</span> <span class='ocrx_word' id='word_1_83' title='bbox 357 1827 525 1896; x_wconf 89' lang='lat' dir='ltr'>damnare</span> <span class='ocrx_word' id='word_1_84' title='bbox 541 1848 612 1895; x_wconf 94' lang='lat' dir='ltr'>non</span> <span class='ocrx_word' id='word_1_85' title='bbox 629 1825 775 1917; x_wconf 89' lang='lat' dir='ltr'>possint.</span> 
     </span>
    </p>

    <p class='ocr_par' dir='ltr' id='par_1_5' title="bbox 188 1940 1240 2270">
     <span class='ocr_line' id='line_1_13' title="bbox 240 1940 1240 2036; baseline 0.001 -22"><span class='ocrx_word' id='word_1_86' title='bbox 240 1941 288 2014; x_wconf 91' lang='lat' dir='ltr'>V.</span> <span class='ocrx_word' id='word_1_87' title='bbox 307 1941 410 2014; x_wconf 90' lang='lat' dir='ltr'>Unus</span> <span class='ocrx_word' id='word_1_88' title='bbox 430 1944 540 2036; x_wconf 89' lang='lat' dir='ltr'>igitur</span> <span class='ocrx_word' id='word_1_89' title='bbox 562 1941 720 2011; x_wconf 87' lang='lat' dir='ltr'>omnium</span> <span class='ocrx_word' id='word_1_90' title='bbox 746 1940 922 2014; x_wconf 90' lang='lat' dir='ltr'>Dominus</span> <span class='ocrx_word' id='word_1_91' title='bbox 946 1941 1056 2014; x_wconf 86' lang='lat' dir='ltr'>Deus.</span> <span class='ocrx_word' id='word_1_92' title='bbox 1109 1942 1240 2036; x_wconf 83' lang='lat' dir='ltr'>Neque</span> 
     </span>
     <span class='ocr_line' id='line_1_14' title="bbox 188 2057 1238 2149; baseline 0.003 -20"><span class='ocrx_word' id='word_1_93' title='bbox 188 2060 283 2130; x_wconf 86' lang='lat' dir='ltr'>enim</span> <span class='ocrx_word' id='word_1_94' title='bbox 309 2059 370 2130; x_wconf 86' lang='lat' dir='ltr'>ilia</span> <span class='ocrx_word' id='word_1_95' title='bbox 395 2057 593 2129; x_wconf 90' lang='lat' dir='ltr'>sublimitas</span> <span class='ocrx_word' id='word_1_96' title='bbox 617 2065 736 2149; x_wconf 87' lang='lat' dir='ltr'>potest</span> <span class='ocrx_word' id='word_1_97' title='bbox 761 2057 893 2128; x_wconf 86' lang='lat' dir='ltr'>habere</span> <span class='ocrx_word' id='word_1_98' title='bbox 918 2067 1128 2143; x_wconf 87' lang='lat' dir='ltr'>consortem,</span> <span class='ocrx_word' id='word_1_99' title='bbox 1155 2084 1238 2132; x_wconf 92' lang='lat' dir='ltr'>cum</span> 
     </span>
     <span class='ocr_line' id='line_1_15' title="bbox 188 2172 1240 2270; baseline 0.001 -25"><span class='ocrx_word' id='word_1_100' title='bbox 188 2175 263 2245; x_wconf 83' lang='lat' dir='ltr'>sote</span> <span class='ocrx_word' id='word_1_101' title='bbox 279 2197 422 2245; x_wconf 90' lang='lat' dir='ltr'>omnem</span> <span class='ocrx_word' id='word_1_102' title='bbox 440 2182 562 2245; x_wconf 89' lang='lat' dir='ltr'>teneat</span> <span class='ocrx_word' id='word_1_103' title='bbox 584 2180 811 2265; x_wconf 85' lang='lat' dir='ltr'>potestatem.</span> <span class='ocrx_word' id='word_1_104' title='bbox 863 2172 924 2244; x_wconf 91' lang='lat' dir='ltr'>Ad</span> <span class='ocrx_word' id='word_1_105' title='bbox 948 2175 1107 2244; x_wconf 81' lang='lat' dir='ltr'>divinum</span> <span class='ocrx_word' id='word_1_106' title='bbox 1128 2177 1240 2270; x_wconf 80' lang='lat' dir='ltr'>impe·</span> 
     </span>
    </p>

    <p class='ocr_par' dir='ltr' id='par_1_6' title="bbox 143 2290 1239 2853">
     <span class='ocr_line' id='line_1_16' title="bbox 143 2290 1239 2383; baseline 0.005 -23"><span class='ocrx_word' id='word_1_107' title='bbox 143 2319 153 2360; x_wconf 85' lang='grc' dir='ltr'>ι</span> <span class='ocrx_word' id='word_1_108' title='bbox 161 2318 177 2378; x_wconf 85' lang='lat'>5</span> <span class='ocrx_word' id='word_1_109' title='bbox 188 2292 280 2361; x_wconf 89' lang='lat' dir='ltr'>rium</span> <span class='ocrx_word' id='word_1_110' title='bbox 298 2292 406 2362; x_wconf 83' lang='lat' dir='ltr'>etiam</span> <span class='ocrx_word' id='word_1_111' title='bbox 424 2292 469 2361; x_wconf 90' lang='lat' dir='ltr'>de</span> <span class='ocrx_word' id='word_1_112' title='bbox 486 2291 589 2360; x_wconf 84' lang='lat' dir='ltr'>tonis</span> <span class='ocrx_word' id='word_1_113' title='bbox 603 2296 811 2360; x_wconf 89' lang='lat' dir='ltr'>mutuemur</span> <span class='ocrx_word' id='word_1_114' title='bbox 823 2290 1039 2383; x_wconf 85' lang='lat' dir='ltr'>exemplum.</span> <span class='ocrx_word' id='word_1_115' title='bbox 1086 2293 1239 2376; x_wconf 85' lang='lat' dir='ltr'>Quando</span> 
     </span>
     <span class='ocr_line' id='line_1_17' title="bbox 187 2407 1239 2501; baseline 0.004 -23"><span class='ocrx_word' id='word_1_116' title='bbox 187 2431 344 2500; x_wconf 89' lang='lat' dir='ltr'>unquam</span> <span class='ocrx_word' id='word_1_117' title='bbox 368 2407 466 2500; x_wconf 86' lang='lat' dir='ltr'>regni</span> <span class='ocrx_word' id='word_1_118' title='bbox 489 2407 639 2477; x_wconf 85' lang='lat' dir='ltr'>societas</span> <span class='ocrx_word' id='word_1_119' title='bbox 662 2415 725 2477; x_wconf 89' lang='lat' dir='ltr'>aut</span> <span class='ocrx_word' id='word_1_120' title='bbox 748 2430 831 2477; x_wconf 88' lang='lat' dir='ltr'>cnm</span> <span class='ocrx_word' id='word_1_121' title='bbox 854 2407 924 2478; x_wconf 89' lang='lat' dir='ltr'>fide</span> <span class='ocrx_word' id='word_1_122' title='bbox 946 2410 1054 2501; x_wconf 89' lang='lat' dir='ltr'>ooepit</span> <span class='ocrx_word' id='word_1_123' title='bbox 1077 2420 1140 2479; x_wconf 87' lang='lat' dir='ltr'>aut</span> <span class='ocrx_word' id='word_1_124' title='bbox 1163 2413 1239 2483; x_wconf 91' lang='lat' dir='ltr'>sine</span> 
     </span>
     <span class='ocr_line' id='line_1_18' title="bbox 188 2524 1237 2622; baseline 0.003 -25"><span class='ocrx_word' id='word_1_125' title='bbox 188 2549 312 2597; x_wconf 89' lang='lat' dir='ltr'>cruore</span> <span class='ocrx_word' id='word_1_126' title='bbox 341 2525 471 2596; x_wconf 67' lang='lat' dir='ltr'>desiit?</span> <span class='ocrx_word' id='word_1_127' title='bbox 512 2525 572 2596; x_wconf 86' lang='lat' dir='ltr'>Sic</span> <span class='ocrx_word' id='word_1_128' title='bbox 601 2524 851 2596; x_wconf 82' lang='lat' dir='ltr'>Thebanorum</span> <span class='ocrx_word' id='word_1_129' title='bbox 878 2529 1094 2620; x_wconf 84' lang='lat' dir='ltr'>germanitas</span> <span class='ocrx_word' id='word_1_130' title='bbox 1123 2539 1237 2622; x_wconf 87' lang='lat' dir='ltr'>rupta,</span> 
     </span>
     <span class='ocr_line' id='line_1_19' title="bbox 187 2641 1239 2734; baseline 0.004 -22"><span class='ocrx_word' id='word_1_131' title='bbox 187 2649 226 2712; x_wconf 90' lang='lat' dir='ltr'>et</span> <span class='ocrx_word' id='word_1_132' title='bbox 258 2663 468 2734; x_wconf 85' lang='lat' dir='ltr'>permanens</span> <span class='ocrx_word' id='word_1_133' title='bbox 501 2643 595 2734; x_wconf 84' lang='lat' dir='ltr'>mgis</span> <span class='ocrx_word' id='word_1_134' title='bbox 629 2641 880 2711; x_wconf 86' lang='lat' dir='ltr'>dissidentibus</span> <span class='ocrx_word' id='word_1_135' title='bbox 913 2642 1022 2712; x_wconf 88' lang='lat' dir='ltr'>etiam</span> <span class='ocrx_word' id='word_1_136' title='bbox 1056 2643 1093 2712; x_wconf 91' lang='lat' dir='ltr'>in</span> <span class='ocrx_word' id='word_1_137' title='bbox 1123 2655 1239 2716; x_wconf 89' lang='lat' dir='ltr'>morte</span> 
     </span>
     <span class='ocr_line' id='line_1_20' title="bbox 188 2753 1239 2853; baseline 0.003 -26"><span class='ocrx_word' id='word_1_138' title='bbox 188 2756 370 2828; x_wconf 85' lang='lat' dir='ltr'>discordia.</span> <span class='ocrx_word' id='word_1_139' title='bbox 423 2755 471 2826; x_wconf 86' lang='lat' dir='ltr'>Et</span> <span class='ocrx_word' id='word_1_140' title='bbox 501 2753 681 2826; x_wconf 88' lang='lat' dir='ltr'>Romanos</span> <span class='ocrx_word' id='word_1_141' title='bbox 710 2757 872 2849; x_wconf 88' lang='lat' dir='ltr'>geminos</span> <span class='ocrx_word' id='word_1_142' title='bbox 901 2779 1013 2826; x_wconf 90' lang='lat' dir='ltr'>unum</span> <span class='ocrx_word' id='word_1_143' title='bbox 1043 2779 1115 2828; x_wconf 93' lang='lat' dir='ltr'>non</span> <span class='ocrx_word' id='word_1_144' title='bbox 1144 2762 1239 2853; x_wconf 86' lang='lat' dir='ltr'>capit</span> 
     </span>
    </p>

    <p class='ocr_par' dir='ltr' id='par_1_7' title="bbox 138 2868 1239 4358">
     <span class='ocr_line' id='line_1_21' title="bbox 142 2868 1239 2964; baseline 0 -20"><span class='ocrx_word' id='word_1_145' title='bbox 142 2893 346 2964; x_wconf 72' lang='lat' dir='ltr'>coregnum,</span> <span class='ocrx_word' id='word_1_146' title='bbox 373 2893 461 2962; x_wconf 92' lang='lat' dir='ltr'>quos</span> <span class='ocrx_word' id='word_1_147' title='bbox 485 2893 598 2940; x_wconf 90' lang='lat' dir='ltr'>unum</span> <span class='ocrx_word' id='word_1_148' title='bbox 628 2870 720 2939; x_wconf 91' lang='lat' dir='ltr'>uteri</span> <span class='ocrx_word' id='word_1_149' title='bbox 750 2871 846 2962; x_wconf 89' lang='lat' dir='ltr'>cepit</span> <span class='ocrx_word' id='word_1_150' title='bbox 875 2868 1079 2962; x_wconf 90' lang='lat' dir='ltr'>hospitium.</span> <span class='ocrx_word' id='word_1_151' title='bbox 1133 2872 1239 2944; x_wconf 92' lang='lat' dir='ltr'>Pom-</span> 
     </span>
     <span class='ocr_line' id='line_1_22' title="bbox 186 2985 1239 3081; baseline 0.002 -25"><span class='ocrx_word' id='word_1_152' title='bbox 186 2989 288 3081; x_wconf 90' lang='lat' dir='ltr'>peius</span> <span class='ocrx_word' id='word_1_153' title='bbox 304 2996 342 3056; x_wconf 88' lang='lat' dir='ltr'>et</span> <span class='ocrx_word' id='word_1_154' title='bbox 359 2985 476 3056; x_wconf 88' lang='lat' dir='ltr'>Coesar</span> <span class='ocrx_word' id='word_1_155' title='bbox 497 2985 619 3056; x_wconf 87' lang='lat' dir='ltr'>affines</span> <span class='ocrx_word' id='word_1_156' title='bbox 642 2985 795 3064; x_wconf 79' lang='lat' dir='ltr'>fuerunt,</span> <span class='ocrx_word' id='word_1_157' title='bbox 813 3005 879 3054; x_wconf 90' lang='lat' dir='ltr'>nec</span> <span class='ocrx_word' id='word_1_158' title='bbox 902 2992 1024 3055; x_wconf 90' lang='lat' dir='ltr'>tamen</span> <span class='ocrx_word' id='word_1_159' title='bbox 1047 2989 1239 3058; x_wconf 87' lang='lat' dir='ltr'>necessitu-</span> 
     </span>
     <span class='ocr_line' id='line_1_23' title="bbox 188 3099 1238 3191; baseline 0.001 -17"><span class='ocrx_word' id='word_1_160' title='bbox 188 3105 279 3174; x_wconf 90' lang='lat' dir='ltr'>dinis</span> <span class='ocrx_word' id='word_1_161' title='bbox 312 3102 427 3188; x_wconf 83' lang='lat' dir='ltr'>focdns</span> <span class='ocrx_word' id='word_1_162' title='bbox 459 3101 498 3170; x_wconf 94' lang='lat' dir='ltr'>in</span> <span class='ocrx_word' id='word_1_163' title='bbox 531 3099 663 3170; x_wconf 86' lang='lat' dir='ltr'>aemula</span> <span class='ocrx_word' id='word_1_164' title='bbox 690 3107 868 3191; x_wconf 86' lang='lat' dir='ltr'>potestate</span> <span class='ocrx_word' id='word_1_165' title='bbox 901 3109 1104 3172; x_wconf 89' lang='lat' dir='ltr'>tennerunt.</span> <span class='ocrx_word' id='word_1_166' title='bbox 1157 3102 1238 3175; x_wconf 88' lang='lat' dir='ltr'>Nec</span> 
     </span>
     <span class='ocr_line' id='line_1_24' title="bbox 188 3215 1237 3298; baseline 0.001 -10"><span class='ocrx_word' id='word_1_167' title='bbox 188 3219 246 3291; x_wconf 90' lang='lat' dir='ltr'>hic</span> <span class='ocrx_word' id='word_1_168' title='bbox 271 3229 312 3290; x_wconf 90' lang='lat' dir='ltr'>tu</span> <span class='ocrx_word' id='word_1_169' title='bbox 342 3221 387 3290; x_wconf 88' lang='lat' dir='ltr'>de</span> <span class='ocrx_word' id='word_1_170' title='bbox 415 3217 561 3288; x_wconf 88' lang='lat' dir='ltr'>homine</span> <span class='ocrx_word' id='word_1_171' title='bbox 589 3215 735 3298; x_wconf 87' lang='lat' dir='ltr'>mireris,</span> <span class='ocrx_word' id='word_1_172' title='bbox 761 3236 845 3285; x_wconf 90' lang='lat' dir='ltr'>cum</span> <span class='ocrx_word' id='word_1_173' title='bbox 871 3216 908 3284; x_wconf 91' lang='lat' dir='ltr'>in</span> <span class='ocrx_word' id='word_1_174' title='bbox 937 3215 1005 3286; x_wconf 88' lang='lat' dir='ltr'>hoe</span> <span class='ocrx_word' id='word_1_175' title='bbox 1035 3219 1149 3288; x_wconf 92' lang='lat' dir='ltr'>omnis</span> <span class='ocrx_word' id='word_1_176' title='bbox 1175 3242 1237 3290; x_wconf 89' lang='lat' dir='ltr'>na·</span> 
     </span>
     <span class='ocr_line' id='line_1_25' title="bbox 187 3331 1235 3423; baseline -0.001 -17"><span class='ocrx_word' id='word_1_177' title='bbox 187 3343 268 3406; x_wconf 86' lang='lat' dir='ltr'>tura</span> <span class='ocrx_word' id='word_1_178' title='bbox 284 3335 493 3406; x_wconf 87' lang='lat' dir='ltr'>consentiat.</span> <span class='ocrx_word' id='word_1_179' title='bbox 546 3333 626 3403; x_wconf 88' lang='lat' dir='ltr'>Rex</span> <span class='ocrx_word' id='word_1_180' title='bbox 647 3353 740 3402; x_wconf 90' lang='lat' dir='ltr'>unus</span> <span class='ocrx_word' id='word_1_181' title='bbox 762 3339 818 3402; x_wconf 87' lang='lat' dir='ltr'>est</span> <span class='ocrx_word' id='word_1_182' title='bbox 837 3331 972 3423; x_wconf 86' lang='lat' dir='ltr'>apibus,</span> <span class='ocrx_word' id='word_1_183' title='bbox 990 3341 1028 3402; x_wconf 90' lang='lat' dir='ltr'>et</span> <span class='ocrx_word' id='word_1_184' title='bbox 1049 3333 1123 3403; x_wconf 85' lang='lat' dir='ltr'>dux</span> <span class='ocrx_word' id='word_1_185' title='bbox 1144 3357 1235 3405; x_wconf 88' lang='lat' dir='ltr'>unus</span> 
     </span>
     <span class='ocr_line' id='line_1_26' title="bbox 141 3448 1236 3546; baseline -0.002 -24"><span class='ocrx_word' id='word_1_186' title='bbox 141 3485 177 3546; x_wconf 78' lang='lat'>²5</span> <span class='ocrx_word' id='word_1_187' title='bbox 188 3453 225 3521; x_wconf 91' lang='lat' dir='ltr'>in</span> <span class='ocrx_word' id='word_1_188' title='bbox 241 3451 417 3545; x_wconf 88' lang='lat' dir='ltr'>gregibus,</span> <span class='ocrx_word' id='word_1_189' title='bbox 431 3451 518 3520; x_wconf 86' lang='lat' dir='ltr'>etin</span> <span class='ocrx_word' id='word_1_190' title='bbox 535 3449 704 3518; x_wconf 87' lang='lat' dir='ltr'>armentis</span> <span class='ocrx_word' id='word_1_191' title='bbox 716 3457 832 3518; x_wconf 86' lang='lat' dir='ltr'>rector</span> <span class='ocrx_word' id='word_1_192' title='bbox 848 3471 950 3518; x_wconf 91' lang='lat' dir='ltr'>unus.</span> <span class='ocrx_word' id='word_1_193' title='bbox 988 3448 1110 3519; x_wconf 91' lang='lat' dir='ltr'>Multo</span> <span class='ocrx_word' id='word_1_194' title='bbox 1123 3451 1236 3544; x_wconf 88' lang='lat' dir='ltr'>magis</span> 
     </span>
     <span class='ocr_line' id='line_1_27' title="bbox 187 3564 1236 3659; baseline -0.001 -22"><span class='ocrx_word' id='word_1_195' title='bbox 187 3567 311 3638; x_wconf 89' lang='lat' dir='ltr'>mundi</span> <span class='ocrx_word' id='word_1_196' title='bbox 328 3587 420 3636; x_wconf 92' lang='lat' dir='ltr'>unus</span> <span class='ocrx_word' id='word_1_197' title='bbox 436 3572 492 3634; x_wconf 89' lang='lat' dir='ltr'>est</span> <span class='ocrx_word' id='word_1_198' title='bbox 508 3571 634 3646; x_wconf 90' lang='lat' dir='ltr'>rector,</span> <span class='ocrx_word' id='word_1_199' title='bbox 651 3564 712 3656; x_wconf 88' lang='lat' dir='ltr'>qui</span> <span class='ocrx_word' id='word_1_200' title='bbox 729 3564 892 3634; x_wconf 82' lang='lat' dir='ltr'>universa</span> <span class='ocrx_word' id='word_1_201' title='bbox 912 3587 1130 3659; x_wconf 88' lang='lat' dir='ltr'>quaeounque</span> <span class='ocrx_word' id='word_1_202' title='bbox 1153 3574 1236 3636; x_wconf 88' lang='lat' dir='ltr'>sunt</span> 
     </span>
     <span class='ocr_line' id='line_1_28' title="bbox 187 3680 1235 3775; baseline 0 -24"><span class='ocrx_word' id='word_1_203' title='bbox 187 3684 295 3756; x_wconf 86' lang='lat' dir='ltr'>verbo</span> <span class='ocrx_word' id='word_1_204' title='bbox 319 3683 434 3775; x_wconf 88' lang='lat' dir='ltr'>jubet,</span> <span class='ocrx_word' id='word_1_205' title='bbox 461 3680 599 3750; x_wconf 88' lang='lat' dir='ltr'>ratione</span> <span class='ocrx_word' id='word_1_206' title='bbox 624 3681 813 3772; x_wconf 87' lang='lat' dir='ltr'>dispensat,</span> <span class='ocrx_word' id='word_1_207' title='bbox 841 3681 974 3751; x_wconf 87' lang='lat' dir='ltr'>virtute</span> <span class='ocrx_word' id='word_1_208' title='bbox 1002 3691 1235 3753; x_wconf 89' lang='lat' dir='ltr'>consummat.</span> 
     </span>
     <span class='ocr_line' id='line_1_29' title="bbox 188 3796 1237 3893; baseline -0.001 -20"><span class='ocrx_word' id='word_1_209' title='bbox 188 3801 261 3874; x_wconf 88' lang='lat' dir='ltr'>Hic</span> <span class='ocrx_word' id='word_1_210' title='bbox 284 3825 350 3872; x_wconf 92' lang='lat' dir='ltr'>nec</span> <span class='ocrx_word' id='word_1_211' title='bbox 376 3799 485 3870; x_wconf 88' lang='lat' dir='ltr'>videri</span> <span class='ocrx_word' id='word_1_212' title='bbox 509 3800 732 3891; x_wconf 71' lang='lat' dir='ltr'>potestaten</span> <span class='ocrx_word' id='word_1_213' title='bbox 756 3796 881 3868; x_wconf 86' lang='lat' dir='ltr'>clan&#39;or</span> <span class='ocrx_word' id='word_1_214' title='bbox 901 3808 965 3882; x_wconf 89' lang='lat' dir='ltr'>est,</span> <span class='ocrx_word' id='word_1_215' title='bbox 988 3823 1054 3870; x_wconf 90' lang='lat' dir='ltr'>nec</span> <span class='ocrx_word' id='word_1_216' title='bbox 1077 3823 1237 3893; x_wconf 89' lang='lat' dir='ltr'>compre·</span> 
     </span>
     <span class='ocr_line' id='line_1_30' title="bbox 187 3915 1237 4008; baseline -0.001 -21"><span class='ocrx_word' id='word_1_217' title='bbox 187 3917 305 3998; x_wconf 90' lang='lat' dir='ltr'>hendi‚</span> <span class='ocrx_word' id='word_1_218' title='bbox 331 3925 431 3986; x_wconf 86' lang='lat' dir='ltr'>tactu</span> <span class='ocrx_word' id='word_1_219' title='bbox 456 3917 577 4007; x_wconf 86' lang='lat' dir='ltr'>purior</span> <span class='ocrx_word' id='word_1_220' title='bbox 600 3923 665 3996; x_wconf 87' lang='lat' dir='ltr'>est,</span> <span class='ocrx_word' id='word_1_221' title='bbox 693 3935 759 3984; x_wconf 89' lang='lat' dir='ltr'>nec</span> <span class='ocrx_word' id='word_1_222' title='bbox 785 3915 959 3996; x_wconf 77' lang='lat' dir='ltr'>aestimari,</span> <span class='ocrx_word' id='word_1_223' title='bbox 988 3937 1094 3984; x_wconf 90' lang='lat' dir='ltr'>sensu</span> <span class='ocrx_word' id='word_1_224' title='bbox 1123 3917 1237 4008; x_wconf 90' lang='lat' dir='ltr'>major</span> 
     </span>
     <span class='ocr_line' id='line_1_31' title="bbox 138 4029 1237 4124; baseline -0.005 -18"><span class='ocrx_word' id='word_1_225' title='bbox 138 4041 253 4124; x_wconf 81' lang='lat' dir='ltr'>3oest.</span> <span class='ocrx_word' id='word_1_226' title='bbox 305 4031 354 4101; x_wconf 88' lang='lat' dir='ltr'>Et</span> <span class='ocrx_word' id='word_1_227' title='bbox 382 4029 464 4098; x_wconf 88' lang='lat' dir='ltr'>ideo</span> <span class='ocrx_word' id='word_1_228' title='bbox 493 4031 543 4099; x_wconf 87' lang='lat' dir='ltr'>sic</span> <span class='ocrx_word' id='word_1_229' title='bbox 572 4053 655 4098; x_wconf 89' lang='lat' dir='ltr'>eum</span> <span class='ocrx_word' id='word_1_230' title='bbox 683 4029 789 4122; x_wconf 90' lang='lat' dir='ltr'>digne</span> <span class='ocrx_word' id='word_1_231' title='bbox 816 4030 1042 4111; x_wconf 88' lang='lat' dir='ltr'>aestimamus,</span> <span class='ocrx_word' id='word_1_232' title='bbox 1069 4030 1156 4100; x_wconf 90' lang='lat' dir='ltr'>dum</span> <span class='ocrx_word' id='word_1_233' title='bbox 1183 4031 1237 4100; x_wconf 78' lang='lat' dir='ltr'>in·</span> 
     </span>
     <span class='ocr_line' id='line_1_32' title="bbox 188 4143 1236 4239; baseline -0.001 -19"><span class='ocrx_word' id='word_1_234' title='bbox 188 4144 435 4220; x_wconf 87' lang='lat' dir='ltr'>aestimabilem</span> <span class='ocrx_word' id='word_1_235' title='bbox 459 4145 618 4215; x_wconf 87' lang='lat' dir='ltr'>dicimus.</span> <span class='ocrx_word' id='word_1_236' title='bbox 669 4144 777 4227; x_wconf 85' lang='lat' dir='ltr'>Quod</span> <span class='ocrx_word' id='word_1_237' title='bbox 804 4167 887 4214; x_wconf 88' lang='lat' dir='ltr'>vero</span> <span class='ocrx_word' id='word_1_238' title='bbox 909 4145 1085 4239; x_wconf 90' lang='lat' dir='ltr'>templum</span> <span class='ocrx_word' id='word_1_239' title='bbox 1105 4143 1236 4219; x_wconf 89' lang='lat' dir='ltr'>habere</span> 
     </span>
     <span class='ocr_line' id='line_1_33' title="bbox 187 4259 1236 4358; baseline 0.003 -26"><span class='ocrx_word' id='word_1_240' title='bbox 187 4263 298 4358; x_wconf 84' lang='lat' dir='ltr'>possit</span> <span class='ocrx_word' id='word_1_241' title='bbox 329 4261 428 4332; x_wconf 92' lang='lat' dir='ltr'>Deus</span> <span class='ocrx_word' id='word_1_242' title='bbox 455 4261 556 4352; x_wconf 89' lang='lat' dir='ltr'>cujus</span> <span class='ocrx_word' id='word_1_243' title='bbox 580 4259 754 4353; x_wconf 88' lang='lat' dir='ltr'>templum</span> <span class='ocrx_word' id='word_1_244' title='bbox 781 4270 880 4331; x_wconf 85' lang='lat' dir='ltr'>totus</span> <span class='ocrx_word' id='word_1_245' title='bbox 906 4269 962 4331; x_wconf 91' lang='lat' dir='ltr'>est</span> <span class='ocrx_word' id='word_1_246' title='bbox 990 4262 1168 4335; x_wconf 74' lang='lat' dir='ltr'>mundus?</span> <span class='ocrx_word' id='word_1_247' title='bbox 1198 4273 1236 4334; x_wconf 87' lang='lat' dir='ltr'>et</span> 
     </span>
    </p>
   </div>
   <div class='ocr_carea' id='block_1_3' title="bbox 187 4373 1237 4552">
    <p class='ocr_par' dir='ltr' id='par_1_8' title="bbox 187 4373 1237 4552">
     <span class='ocr_line' id='line_1_34' title="bbox 187 4373 1237 4470; baseline 0.001 -18"><span class='ocrx_word' id='word_1_248' title='bbox 187 4403 269 4452; x_wconf 88' lang='lat' dir='ltr'>curn</span> <span class='ocrx_word' id='word_1_249' title='bbox 294 4379 401 4449; x_wconf 89' lang='lat' dir='ltr'>homo</span> <span class='ocrx_word' id='word_1_250' title='bbox 425 4375 531 4450; x_wconf 88' lang='lat' dir='ltr'>latius</span> <span class='ocrx_word' id='word_1_251' title='bbox 557 4373 650 4470; x_wconf 77' lang='lat' dir='ltr'>(sor.</span> <span class='ocrx_word' id='word_1_252' title='bbox 676 4375 806 4470; x_wconf 79' lang='lat' dir='ltr'>laxius)</span> <span class='ocrx_word' id='word_1_253' title='bbox 831 4387 984 4462; x_wconf 87' lang='lat' dir='ltr'>maneat,</span> <span class='ocrx_word' id='word_1_254' title='bbox 1010 4381 1104 4451; x_wconf 87' lang='lat' dir='ltr'>intra</span> <span class='ocrx_word' id='word_1_255' title='bbox 1128 4403 1237 4452; x_wconf 88' lang='lat' dir='ltr'>unam</span> 
     </span>
     <span class='ocr_line' id='line_1_35' title="bbox 687 4508 746 4552; baseline 0 0"><span class='ocrx_word' id='word_1_256' title='bbox 687 4508 709 4552; x_wconf 80' lang='lat' dir='ltr'>s</span> <span class='ocrx_word' id='word_1_257' title='bbox 726 4510 746 4552; x_wconf 89' lang='lat' dir='ltr'>n</span> 
     </span>
    </p>
   </div>
   <div class='ocr_carea' id='block_1_4' title="bbox 0 0 1662 5190">
    <p class='ocr_par' dir='ltr' id='par_1_9' title="bbox 0 0 1662 5190">
     <span class='ocr_line' id='line_1_36' title="bbox 0 0 1662 5190; baseline 0 1"><span class='ocrx_word' id='word_1_258' title='bbox 0 0 1662 5190; x_wconf 95' lang='lat' dir='ltr'> </span> 
     </span>
    </p>
   </div>
  </div>
 </body>
</html>
