3310 5224
708 731 757 790 IN

306 927 344 1008 S.
375 927 749 1011 POLYCARPI
780 927 1155 1011 EPISTOLAM

415 1171 1031 1271 ANNOTATIONES.

598 1427 866 1462 ...Φ-

247 1591 286 1655 Ρ.
302 1611 333 1675 9.
349 1589 370 1654 l.
387 1609 418 1673 9.
433 1616 469 1678 τῃ
491 1591 675 1672 παροικοῦσῃ
698 1588 882 1675 Φιλίππους]
900 1587 1007 1674 Vulgo
1023 1593 1194 1666 Φιλίπποις,
1211 1593 1255 1658 ad

205 1699 300 1762 quem
311 1698 420 1740 vooem
431 1683 525 1741 notet
536 1676 574 1740 ol.
591 1675 743 1752 Smithue‚
757 1676 866 1740 deesse
878 1677 1013 1741 lorteese
1029 1679 1071 1752 ἐν,
1088 1677 1136 1740 vel
1148 1679 1255 1763 potine

204 1763 419 1850 reponendum
445 1785 514 1828 esse
536 1765 714 1836 Φιλίπποις,
738 1768 775 1826 ut
796 1761 895 1827 habet
917 1762 1017 1826 codex
1040 1761 1254 1843 Florentinue,

205 1857 239 1914 et
264 1850 390 1934 quidem
415 1849 544 1914 reetiue.
594 1849 798 1932 Quapropter
823 1848 883 1913 hoe
912 1848 1026 1933 reeepi.
1082 1849 1135 1914 Ite
1164 1849 1255 1916 initio

204 1935 352 2020 Epenloe
373 1936 612 2019 Smymmninm,
630 1955 700 2018 quae
722 1941 772 1998 eet
786 1934 836 1998 De
851 1937 885 1998 S.
900 1934 1072 2019 Polycarpi
1085 1936 1253 2019 Martyria,

204 2021 274 2086 haeo
296 2029 430 2096 extent3
453 2020 496 2085 ‘H
520 2023 665 2098 ἐκκλησία
686 2027 738 2084 τοῦ
762 2023 845 2085 Θεοῦ
865 2022 883 2100 ἡ
903 2026 1088 2102 παροικοῦσα
1102 2024 1253 2103 Σμύρναν,

207 2109 262 2172 tre.
308 2107 390 2172 Haeo
415 2106 490 2171 olim
516 2106 633 2170 notavi.
679 2104 718 2168 ln
740 2105 848 2170 oodiee
869 2127 966 2191 porro
991 2107 1085 2190 hujus
1111 2107 1254 2192 epietolae

206 2192 366 2259 Vetieeno
381 2215 489 2257 voeem
505 2195 675 2259 Φιλίππους
689 2191 826 2276 conspici
841 2193 939 2256 refert
955 2192 992 2256 el.
1005 2192 1029 2255 J
1030 2194 1206 2258 aeobsonue
1221 2194 1255 2258 in

204 2279 344 2344 editione
358 2302 416 2344 sua
431 2281 568 2344 Pntrron
581 2277 823 2364 Aponoliwrren
844 2278 929 2343 bono
942 2277 1069 2364 publieo
1084 2301 1167 2343 nuno
1182 2302 1254 2365 pro·
1321 2349 1324 2356 ,

204 2366 332 2431 deunte.
378 2365 468 2430 Idem
497 2371 606 2429 eutem
635 2365 675 2428 de
700 2364 808 2428 oodioe
834 2387 958 2449 quoque
981 2364 1177 2442 Florentino,
1198 2389 1254 2430 eeu

206 2451 411 2530 Laurentino,
426 2459 567 2516 testetur
585 2473 649 2514 non
672 2450 815 2515 Smithue
836 2457 974 2528 tentum,
990 2451 1044 2514 sed
1065 2457 1098 2514 et
1113 2452 1254 2536 ejusdem

205 2539 322 2603 oodieie
346 2560 443 2623 penes
468 2559 518 2602 me
544 2536 723 2686 exemglum
748 2559 789 2600 ex
812 2534 916 2602 lenaei
938 2536 1046 2600 Vossii
1068 2540 1255 2624 apographo

205 2646 301 2689 menn
317 2623 449 2688 Henrioi
465 2622 620 2688 Dodwelli
653 2623 835 2708 eseriptum.

250 2709 620 2794 Ιοίἀ.1.13.δεξαμένοις
641 2712 679 2774 τὰ
700 2708 851 2789 μιμήματα
872 2711 923 2788 τῆς
945 2709 1073 2788 ἀληθοῦς
1094 2710 1255 2793 ἂγαπῆς-

205 2799 338 2881 δεσμοῖς]
359 2804 378 2832 “
390 2796 472 2860 Hoeo
489 2795 587 2861 verbe
608 2816 680 2858 eum
701 2817 759 2858 nee
782 2801 870 2860 reete
892 2794 1021 2879 legeret,
1042 2817 1100 2859 nee
1126 2796 1255 2861 omnino

207 2882 432 2968 “intelligeret
448 2881 553 2946 Vetus
565 2880 737 2966 Interpree,
754 2881 801 2946 ite
814 2879 989 2956 nenetulit,
1005 2881 1170 2966 euecipien
1184 2883 1255 2947 imi-

206 2975 227 3004 “
240 2966 351 3033 talida
366 2967 456 3032 verda
470 2967 640 3032 dedolenti
653 2967 935 3052 quam—wumie.
963 2965 1016 3030 lta
1030 2967 1081 3031 ille
1096 2965 1256 3049 δεξάμενος

207 3062 227 3091 “
240 3075 300 3139 pro
315 3053 486 3135 δεξαμένοις
502 3053 618 3140 legens,
635 3061 733 3138 etque
752 3053 825 3118 ideo
841 3052 898 3116 reli
921 3072 963 3116 ue
980 3053 1087 3118 omnia
1103 3053 1256 3119 aliorsum

207 3147 227 3177 “
241 3139 392 3215 trehene;
416 3146 454 3205 tu
468 3147 584 3217 vertes,
604 3139 786 3223 Omryaeieoe
799 3159 866 3203 eom
933 3139 969 3215 ie,
984 3139 1039 3224 ποί
1060 3161 1133 3204 vero
1155 3139 1257 3204 elori-

207 3233 227 3262 “
241 3228 315 3292 totis
336 3225 530 3311 exemplaria
551 3226 707 3310 decepi-elie
728 3233 756 3289 el
776 3224 955 3299 edwine,
976 3233 1010 3288 ot
1024 3232 1131 3289 vestro
1153 3225 1256 3290 offieio

207 3321 227 3349 “
242 3312 450 3378 eonveniebet
464 3311 611 3376 involutos
624 3311 764 3388 οῦιοοίιζς,
779 3331 848 3396 qooe
865 3310 977 3374 samir
990 3321 1163 3375 duramento
1175 3321 1255 3376 eom.

207 3407 227 3436 “
244 3398 434 3477 Helloixiue,
451 3401 490 3466 ὡς
513 3397 668 3477 ἐπέβαλεν
689 3400 768 3477 ὑμῖν,
783 3395 932 3473 reddidit,
948 3404 983 3459 ut
1003 3394 1085 3460 οοῦῦο
1105 3397 1257 3462 Dominae

207 3493 228 3608 11
241 3495 536 3656 ...2⁰
667 3481 1257 3646 ..le

207 3656 289 3722 Hoee
310 3657 359 3721 vir
383 3677 518 3742 magnus
542 3655 734 3720 Penrsoniue
753 3654 786 3719 in
814 3655 968 3718 Viodieie’e
1048 3655 1055 3669 '
1080 3654 1199 3719 oerum
1221 3657 1257 3719 S.

206 3743 329 3829 Iynotii
342 3751 436 3828 perte
452 3742 478 3806 1.
493 3763 563 3828 παρ.
575 3765 604 3807 v.
619 3765 651 3828 p.
662 3760 714 3824 72.
730 3741 806 3806 edit.
819 3742 912 3806 Cant.
937 3741 1004 3806 Con
1017 3762 1054 3805 er
1067 3746 1101 3840 et
1111 3747 1195 3826 pert.
1210 3741 1256 3806 ll.

207 3852 234 3894 e.
253 3849 304 3910 14.
318 3852 350 3915 p.
370 3830 441 3930 rod.
486 3827 609 3892 Vocem
630 3831 668 3892 τὰ
688 3827 840 3908 μιμήματα
863 3825 1051 3892 rimoloelra
1075 3849 1140 3890 eive
1161 3849 1257 3890 enen·

228 3915 314 3980 ίοκία
339 3937 467 3979 ommno
489 3915 629 4000 probent
655 3935 727 3978 eum
757 3913 909 3990 Smithus,
936 3919 1005 3978 tum
1035 3912 1073 3976 el.
1097 3911 1256 3977 Jeremiae

201 3937 420 4066 ilarklandus
441 4001 484 4065 ed
507 4023 598 4065 orem
621 3998 755 4084 exempli
779 4021 876 4084 penes
898 4020 949 4062 me
970 3998 1118 4064 editionis
1139 3998 1255 4083 epieto-

205 4087 310 4152 lerum
324 4087 384 4152 SS.
403 4087 520 4173 Ignatii
532 4095 565 4152 et
575 4085 743 4171 Polyeerpi
758 4107 779 4149 ο
794 4085 908 4150 Cerolo
920 4084 1063 4149 Aldrieh.
1079 4085 1254 4164 edornntae,

207 4174 310 4239 Oxon.
325 4173 420 4256 1708.
465 4173 624 4239 Ooeterum
650 4172 859 4248 deduxerant,
882 4179 919 4236 ut
944 4171 992 4237 eit
1014 4171 1132 4236 ibidem
1158 4171 1256 4236 Peer-

207 4259 323 4360 eonine,
354 4281 375 4323 e
404 4259 661 4359 Pliilippeneibus
686 4257 775 4358 minei
803 4256 901 4344 eliqui
928 4257 1090 4343 lgnetinm
1114 4257 1256 4322 vinetum

207 4345 932 4516 wttllfflllfptzxtttlssnn..
953 4427 1087 4516 χρόαι]
1104 4429 1182 4512 Quae
1204 4428 1256 4494 n
