3326 5200
395 461 462 528 246
771 465 1059 531 FIRMILIANI

397 661 518 710 secum
548 639 784 732 loquentibus,
802 643 876 713 sive
902 641 939 712 in
964 641 1034 716 fide
1060 641 1196 712 sincera
1221 663 1448 734 perseveran-

397 755 503 827 tibus.
530 756 611 828 Nec
628 767 790 850 oporteat
807 757 874 829 hoc
892 757 998 852 longo
1016 765 1172 828 tractatu
1190 767 1370 842 excutere,
1383 759 1446 830 sed

397 873 509 964 ipsam
539 874 623 943 satis
649 874 696 943 sit
722 873 908 966 epistolam
935 873 1064 968 legere,
1093 881 1132 944 et
1155 874 1241 966 quid
1265 873 1446 968 apostolus

397 989 537 1069 dixerit,
561 990 606 1059 de
632 990 708 1081 ipso
728 990 889 1083 apostolo
911 1011 1174 1083 recognoscere.
1227 989 1323 1074 Quid
1350 1013 1445 1086 ergo,

397 1105 573 1198 inquiunt,
597 1107 660 1176 fiet
686 1106 731 1178 de
756 1107 811 1177 his
830 1109 891 1200 qui
914 1108 959 1178 ab
979 1107 1153 1177 haereticis
1170 1107 1353 1178 venientes
1370 1109 1474 1190 sines

397 1222 555 1294 ecclesia>
583 1223 759 1316 baptismo
786 1225 928 1294 admitti
957 1223 1067 1294 sunt?
1095 1222 1204 1294 Side
1231 1223 1359 1294 saeculo
1384 1247 1448 1294 ex·

397 1347 587 1422 cesserunt,
605 1341 782 1410 incorum
800 1363 947 1410 numero
965 1343 1025 1433 qui
1043 1341 1137 1432 apud
1154 1363 1218 1411 nos
1235 1340 1445 1412 catechizati

397 1457 540 1550 quidem
558 1465 650 1538 sunt,
669 1458 730 1528 sed
756 1457 959 1550 priusquam
985 1456 1250 1549 baptizarentur
1269 1456 1444 1539 obierunt,

396 1573 583 1644 habentur.
635 1572 721 1643 Non
746 1572 853 1642 modo
883 1573 1008 1643 dicunt
1028 1569 1122 1667 (sor.
1142 1571 1227 1642 Non
1253 1570 1445 1656 modicum,

397 1687 466 1760 oid.
484 1691 613 1782 aotam)
631 1686 914 1760 emolumentum
932 1688 1091 1758 veritatis
1111 1697 1149 1758 et
1166 1687 1259 1770 fidei,
1276 1689 1320 1758 ad
1339 1711 1445 1780 quarn
1461 1716 1496 1756 ιο

397 1804 521 1876 relicto
564 1827 680 1875 errore
718 1815 961 1898 pervenerant,
996 1805 1064 1876 etsi
1102 1807 1446 1876 consummationem

396 1922 522 2016 gratiae
550 1923 731 1991 consecuti
765 1945 837 1992 non
866 1929 959 2004 sunt,
988 1929 1104 1991 morte
1137 1922 1321 2013 praeventi.
1374 1922 1446 2007 Qui

398 2047 518 2108 autem
558 2037 673 2108 adhuc
707 2039 745 2108 iu
789 2036 916 2108 saeculo
959 2047 1178 2130 permanent,
1220 2037 1448 2130 baptizentur

399 2154 558 2225 ecclesiae
609 2153 796 2247 baptismo,
839 2162 881 2225 ut
926 2155 1169 2225 remissionem
1219 2163 1447 2246 peccatorum

399 2272 565 2363 consequi
582 2273 738 2363 possint3
764 2293 809 2341 ne
829 2294 894 2363 per
909 2271 1060 2342 alienam
1079 2273 1393 2364 praesumptionem
1410 2273 1495 2356 in15

399 2388 546 2480 pristino
564 2409 680 2456 errore
697 2395 892 2470 manentes,
911 2389 986 2458 sine
1002 2389 1125 2482 gratioe
1142 2389 1449 2460 consummatione

399 2503 605 2572 moriantur.

238 2637 364 2699 Baptana
451 2617 540 2689 XV.
559 2618 736 2690 Caeterum
754 2618 858 2711 quale
875 2618 1046 2691 delictum
1064 2630 1129 2705 est,
1148 2621 1204 2691 vel
1228 2620 1369 2692 illorum
1387 2621 1448 2713 qui

235 2701 606 2826 ffissadmctunt,
641 2734 697 2805 vel
732 2759 853 2806 eorum
894 2738 954 2828 qui
993 2737 1259 2819 admittuntur;
1301 2745 1343 2806 ut
1376 2759 1448 2806 non

236 2832 386 2948 xm„
401 2849 532 2920 ablutis
557 2873 621 2943 per
641 2851 797 2922 ecclesiae
820 2850 999 2922 lavacrum
1022 2852 1192 2933 sordibus,
1211 2875 1277 2922 nec
1294 2851 1499 2944 peccatisoo

236 2962 383 3026 Μάνω-
402 2967 581 3058 expositis,
610 2977 779 3060 usurpata
799 2976 934 3039 temere
962 2968 1283 3038 communicatione
1311 2968 1449 3038 contin·

236 3037 372 3143 23·th
401 3089 488 3174 gant
514 3105 640 3174 corpus
670 3091 708 3152 et
737 3084 946 3178 sanguinem
978 3083 1134 3166 Domini,
1165 3105 1247 3154 cum
1277 3083 1448 3176 scriptum

241 3211 364 3261 reor-xi·
401 3198 469 3268 sit:
497 3199 708 3292 Quicunque
735 3199 848 3271 ederit
878 3222 1006 3293 panem
1040 3210 1103 3270 aut
1136 3199 1267 3270 biberit
1300 3197 1448 3268 calicem

239 3288 279 3340 ⁰⁷·
403 3312 548 3384 nomini
590 3317 858 3409 indignantus
900 3316 968 3386 erit
1001 3316 1155 3408 corporo
1197 3323 1236 3384 et
1269 3313 1448 3406 sanguinis

402 3428 571 3503 Domini?
603 3431 682 3502 Nos
707 3432 816 3502 etiam
841 3431 921 3502 illos
944 3455 1031 3524 quos
1057 3432 1096 3502 hi
1123 3432 1184 3525 qui
1209 3432 1305 3524 prius
1329 3431 1365 3499 in
1391 3453 1498 3523 ec-25

400 3545 508 3618 clesia
532 3547 707 3619 catholica
731 3548 886 3641 episcopi
912 3549 1062 3632 firerant,
1080 3557 1118 3619 et
1135 3547 1363 3642 postmodum
1381 3547 1448 3617 sibi

401 3671 616 3755 potestatem
641 3663 776 3736 clericae
796 3662 1025 3735 ordinationis
1050 3671 1270 3735 assumentes
1292 3663 1450 3755 baptiza-

402 3790 534 3863 verant,
552 3804 615 3874 pro
632 3805 703 3852 non
720 3781 907 3874 baptizatis
923 3780 1105 3876 habendos
1115 3781 1364 3873 judicavimus.
1399 3776 1449 3848 Et

401 3897 469 3969 hoc
486 3899 579 3992 apud
596 3922 661 3969 noe
685 3899 900 3979 observatur,
919 3906 960 3967 ut
977 3899 1178 3990 quicunque
1195 3897 1240 3967 ab
1257 3895 1327 3966 illis
1345 3896 1449 3966 tincti

401 4015 447 4085 ad
476 4037 540 4086 nos
562 4018 719 4100 veniunt,
747 4024 914 4107 tauquam
942 4014 1047 4086 alieni
1077 4024 1115 4085 et
1141 4013 1230 4084 nihil
1257 4013 1503 4105 consecuti,30

402 4132 507 4201 unico
524 4140 562 4202 et
579 4155 662 4204 vero
684 4131 842 4203 ecclesiae
865 4131 1049 4202 catholicae
1072 4131 1249 4223 baptismo
1269 4129 1364 4222 apud
1385 4151 1450 4198 nos

403 4245 637 4338 baptizentur,
668 4257 706 4318 et
732 4248 861 4319 lavacri
888 4248 1004 4319 vitalis
1033 4247 1336 4342 regenerationem
1366 4267 1450 4316 con·

403 4374 603 4454 sequantur.
657 4364 705 4434 Et
734 4374 855 4436 tamen
883 4365 1036 4437 muitum
1067 4367 1216 4436 interest
1242 4364 1336 4434 inter
1366 4383 1450 4432 enm
