3316 5198
566 469 630 532 DE
654 469 914 534 ORATIONE.
1205 469 1266 531 121

217 642 325 724 novit,
338 642 406 712 nisi
424 641 675 713 defrmctomm
691 643 827 714 animas
844 642 890 712 de
906 642 983 734 ipso
1000 643 1124 712 mortis
1141 643 1268 713 itincre

217 781 351 841 vocare,
378 757 513 830 debiles
536 759 736 840 reformare,
762 779 876 852 aegros
906 757 1110 839 remediare,
1135 758 1268 830 daemo-

215 877 334 945 niacos
351 875 505 967 expiare,
523 874 677 947 claustra
693 875 840 945 carceris
857 875 1002 968 aperire,
1014 873 1156 945 vincula
1168 876 1269 945 inno-

215 992 374 1060 centium
400 990 547 1062 solvere.
599 991 736 1062 Eadem
760 990 864 1062 diluit
892 992 1030 1074 delicta,
1050 993 1267 1063 tentationes

187 1106 366 1199 srepellit,
383 1107 674 1198 persequutiones
699 1107 889 1202 extinguit,
915 1105 1158 1199 pusillanimos
1184 1130 1268 1177 con·

215 1223 358 1306 solatur,
375 1223 619 1316 magnanimos
637 1223 803 1306 oblectat,
821 1224 1085 1318 peregrinantes
1111 1223 1265 1307 deducit,

215 1338 345 1410 fluctus
369 1340 521 1433 mitigat,
545 1337 699 1409 latrones
725 1340 971 1433 obstupefacit,
994 1339 1058 1411 alit
1083 1362 1264 1434 pauperes,

215 1457 306 1550 regit
342 1453 434 1551 (sor.
470 1456 604 1550 dirigit)
632 1455 769 1538 divites,
804 1455 919 1548 lapsos
953 1457 1067 1550 erigit,
1097 1455 1265 1526 cadentes

215 1574 407 1664 suspendit,
425 1579 560 1643 stantes
586 1572 756 1642 continet.
808 1571 934 1643 Oratio
960 1595 1082 1643 murus
1100 1582 1154 1643 est
1171 1574 1264 1656 fidei,

169 1711 312 1758 roarma
329 1697 366 1758 et
383 1688 456 1758 tela
473 1696 593 1758 nostra
612 1687 778 1758 adversus
803 1687 984 1757 hominem
1003 1684 1095 1782 (scr.
1113 1689 1264 1771 hostem,

216 1800 413 1897 madar),
430 1805 491 1895 qui
516 1827 581 1874 nos
605 1805 763 1896 undique
788 1805 962 1874 observat.
1015 1803 1142 1895 Itaque
1163 1827 1266 1874 num-

214 1941 321 2010 quam
338 1921 490 1991 inermes
508 1921 722 1992 incedemus.
750 1919 819 1991 Die
832 1921 1003 2002 stationis,
1014 1930 1120 1990 nocte
1134 1919 1264 2014 vigiliae

213 2036 490 2108 meminerimus.
543 2036 619 2107 Sub
649 2037 754 2107 armis
781 2037 949 2107 orationis
979 2037 1119 2130 signum
1153 2037 1264 2106 nostri

213 2153 435 2245 imperatoris
461 2154 710 2236 custodiamus,
736 2153 860 2223 tubam
887 2152 1004 2246 angeli
1033 2160 1264 2246 expectemus

170 2278 366 2352 15orantes.
417 2269 532 2341 Orant
561 2270 670 2340 etiam
700 2269 817 2364 angeli
845 2292 977 2341 omncs.
1030 2269 1120 2341 Orat
1149 2271 1264 2342 omnis

213 2393 384 2456 creatura.
415 2385 530 2457 Orant
546 2386 700 2479 pecudes
717 2395 755 2456 et
772 2387 867 2470 feras,
885 2395 924 2457 et
939 2410 1056 2481 genua
1072 2386 1263 2472 declinant,

183 2495 252 2571 'ct
279 2501 502 2596 egredientes
531 2502 577 2572 de
607 2499 754 2572 stabulis
779 2525 821 2572 ac
851 2501 1038 2595 speluncis,
1061 2503 1107 2573 ad
1132 2502 1263 2573 coelum

213 2639 285 2688 non
315 2618 418 2688 otiosi
447 2615 540 2713 (sor.
572 2618 696 2688 otiosae
726 2616 933 2710 Marciana)
968 2641 1029 2688 ore
1056 2618 1262 2710 suspiciunt,

213 2733 392 2806 vibrantes
434 2732 528 2830 (sor.
568 2733 763 2826 suspiciunt
802 2734 988 2826 vibrante)
1031 2734 1157 2827 spiritu
1198 2757 1263 2805 suo

166 2871 356 2921 aomovere
384 2848 476 2946 (scr.
507 2852 699 2942 movente).
751 2847 890 2921 Sedet
919 2872 1001 2922 aves
1035 2875 1129 2922 nunc
1158 2875 1264 2922 exur·

212 2975 338 3060 gentes
368 2967 552 3060 eriguntur
574 2965 619 3036 ad
645 2966 786 3050 coelum,
807 2974 845 3036 et
870 2965 1006 3037 alarum
1031 2988 1173 3038 crucem
1198 2989 1263 3059 pro

213 3083 377 3153 manibus
404 3083 614 3166 extendunt,
641 3091 679 3154 et
708 3084 832 3154 dicunt
858 3081 1002 3173 aliquid,
1029 3081 1124 3172 quod
1150 3082 1262 3152 oratio

215 3199 385 3269 videatur.
437 3199 533 3282 Quid
563 3222 648 3294 ergo
675 3197 826 3291 amplius
854 3198 899 3268 de
926 3196 1042 3267 officio
1068 3196 1262 3267 orationis?

215 3313 335 3386 Etiam
352 3315 427 3408 ipse
445 3314 621 3386 Dominus
637 3316 760 3398 oravit,
778 3315 835 3386 cui
853 3315 900 3386 sit
916 3313 1029 3385 bonor
1045 3321 1084 3386 et
1096 3312 1208 3383 virtus
1224 3313 1262 3386 iu

166 3431 332 3518 assecula
348 3431 557 3504 seculorum.
