<?xml version="1.0" encoding="UTF-8"?>
<!DOCTYPE html PUBLIC "-//W3C//DTD XHTML 1.0 Transitional//EN"
    "http://www.w3.org/TR/xhtml1/DTD/xhtml1-transitional.dtd">
<html xmlns="http://www.w3.org/1999/xhtml" xml:lang="en" lang="en">
 <head>
  <title>
</title>
<meta http-equiv="Content-Type" content="text/html;charset=utf-8" />
  <meta name='ocr-system' content='tesseract 3.04.00' />
  <meta name='ocr-capabilities' content='ocr_page ocr_carea ocr_par ocr_line ocrx_word'/>
</head>
<body>
  <div class='ocr_page' id='page_1' title='image "./scriptorumeccle00routgoog_0098.png"; bbox 0 0 3316 5198; ppageno 0'>
   <div class='ocr_carea' id='block_1_1' title="bbox 692 887 741 945">
    <p class='ocr_par' dir='ltr' id='par_1_1' title="bbox 692 887 741 945">
     <span class='ocr_line' id='line_1_1' title="bbox 692 887 741 945; baseline -0.02 0"><span class='ocrx_word' id='word_1_1' title='bbox 692 887 741 945; x_wconf 93' lang='lat' dir='ltr'>IN</span> 
     </span>
    </p>
   </div>
   <div class='ocr_carea' id='block_1_2' title="bbox 439 1091 986 1196">
    <p class='ocr_par' dir='ltr' id='par_1_2' title="bbox 439 1091 986 1196">
     <span class='ocr_line' id='line_1_2' title="bbox 439 1091 986 1196; baseline 0.011 -6"><span class='ocrx_word' id='word_1_2' title='bbox 439 1091 487 1190; x_wconf 91' lang='lat' dir='ltr'>S.</span> <span class='ocrx_word' id='word_1_3' title='bbox 531 1091 986 1196; x_wconf 88' lang='lat' dir='ltr'>HIPPOLYTl</span> 
     </span>
    </p>
   </div>
   <div class='ocr_carea' id='block_1_3' title="bbox 192 1316 1239 1410">
    <p class='ocr_par' dir='ltr' id='par_1_3' title="bbox 192 1316 1239 1410">
     <span class='ocr_line' id='line_1_3' title="bbox 192 1316 1239 1410; baseline 0.004 -8"><span class='ocrx_word' id='word_1_4' title='bbox 192 1329 405 1406; x_wconf 77' lang='lat' dir='ltr'>counnn</span> <span class='ocrx_word' id='word_1_5' title='bbox 424 1316 647 1410; x_wconf 64' lang='lat' dir='ltr'>nondun</span> <span class='ocrx_word' id='word_1_6' title='bbox 666 1335 797 1408; x_wconf 78' lang='lat' dir='ltr'>onus</span> <span class='ocrx_word' id='word_1_7' title='bbox 814 1337 1239 1409; x_wconf 75' lang='lat' dir='ltr'>Annonnnouns</span> 
     </span>
    </p>
   </div>
   <div class='ocr_carea' id='block_1_4' title="bbox 608 1544 829 1578">
    <p class='ocr_par' dir='ltr' id='par_1_4' title="bbox 608 1544 829 1578">
     <span class='ocr_line' id='line_1_4' title="bbox 608 1544 829 1578; baseline -0.005 -12"><span class='ocrx_word' id='word_1_8' title='bbox 608 1544 829 1578; x_wconf 45' lang='grc' dir='ltr'>...ιφ--ο</span> 
     </span>
    </p>
   </div>
   <div class='ocr_carea' id='block_1_5' title="bbox 192 1697 1245 2900">
    <p class='ocr_par' dir='ltr' id='par_1_5' title="bbox 192 1697 1241 1972">
     <span class='ocr_line' id='line_1_5' title="bbox 237 1697 1239 1783; baseline 0 -21"><span class='ocrx_word' id='word_1_9' title='bbox 237 1697 328 1764; x_wconf 78' lang='lat' dir='ltr'>Hoc</span> <span class='ocrx_word' id='word_1_10' title='bbox 351 1700 409 1766; x_wconf 89' lang='lat' dir='ltr'>insi</span> <span class='ocrx_word' id='word_1_11' title='bbox 454 1725 472 1767; x_wconf 93' lang='lat' dir='ltr'>e</span> <span class='ocrx_word' id='word_1_12' title='bbox 497 1705 748 1783; x_wconf 80' lang='grc' dir='ltr'>ἀποσπασμάτιου</span> <span class='ocrx_word' id='word_1_13' title='bbox 773 1724 813 1766; x_wconf 87' lang='lat' dir='ltr'>ex</span> <span class='ocrx_word' id='word_1_14' title='bbox 838 1700 955 1765; x_wconf 85' lang='lat' dir='ltr'>Latina</span> <span class='ocrx_word' id='word_1_15' title='bbox 976 1699 1137 1764; x_wconf 87' lang='lat' dir='ltr'>Franoisoi</span> <span class='ocrx_word' id='word_1_16' title='bbox 1162 1699 1239 1763; x_wconf 86' lang='lat' dir='ltr'>Tor-</span> 
     </span>
     <span class='ocr_line' id='line_1_6' title="bbox 192 1784 1241 1872; baseline 0.003 -25"><span class='ocrx_word' id='word_1_17' title='bbox 192 1784 292 1848; x_wconf 84' lang='lat' dir='ltr'>rensis</span> <span class='ocrx_word' id='word_1_18' title='bbox 316 1786 381 1850; x_wconf 88' lang='lat' dir='ltr'>sive</span> <span class='ocrx_word' id='word_1_19' title='bbox 432 1789 551 1853; x_wconf 82' lang='lat' dir='ltr'>aniani</span> <span class='ocrx_word' id='word_1_20' title='bbox 573 1789 716 1853; x_wconf 81' lang='lat' dir='ltr'>versione</span> <span class='ocrx_word' id='word_1_21' title='bbox 733 1787 873 1872; x_wconf 84' lang='lat' dir='ltr'>vulgavit</span> <span class='ocrx_word' id='word_1_22' title='bbox 899 1785 1084 1851; x_wconf 80' lang='lat' dir='ltr'>Gerhardus</span> <span class='ocrx_word' id='word_1_23' title='bbox 1107 1784 1241 1850; x_wconf 76' lang='lat' dir='ltr'>Vossius</span> 
     </span>
     <span class='ocr_line' id='line_1_7' title="bbox 193 1869 1241 1972; baseline 0.002 -40"><span class='ocrx_word' id='word_1_24' title='bbox 193 1869 387 1972; x_wconf 72' lang='lat' dir='ltr'>Tungrensis</span> <span class='ocrx_word' id='word_1_25' title='bbox 401 1875 444 1938; x_wconf 86' lang='lat' dir='ltr'>ad</span> <span class='ocrx_word' id='word_1_26' title='bbox 459 1874 576 1939; x_wconf 87' lang='lat' dir='ltr'>oaloem</span> <span class='ocrx_word' id='word_1_27' title='bbox 592 1875 733 1960; x_wconf 83' lang='lat' dir='ltr'>Operum</span> <span class='ocrx_word' id='word_1_28' title='bbox 748 1873 895 1958; x_wconf 79' lang='lat' dir='ltr'><strong>Gregorii</strong></span> <span class='ocrx_word' id='word_1_29' title='bbox 910 1871 1152 1956; x_wconf 80' lang='lat' dir='ltr'>Thaumaturgi,</span> <span class='ocrx_word' id='word_1_30' title='bbox 1170 1871 1241 1934; x_wconf 94' lang='lat' dir='ltr'>Mo-</span> 
     </span>
    </p>

    <p class='ocr_par' dir='ltr' id='par_1_6' title="bbox 192 1957 1245 2900">
     <span class='ocr_line' id='line_1_8' title="bbox 257 1957 1241 2042; baseline -0.001 -22"><span class='ocrx_word' id='word_1_31' title='bbox 257 1961 311 2021; x_wconf 75' lang='lat' dir='ltr'>tuae</span> <span class='ocrx_word' id='word_1_32' title='bbox 334 1959 378 2021; x_wconf 88' lang='lat' dir='ltr'>A.</span> <span class='ocrx_word' id='word_1_33' title='bbox 400 1959 560 2025; x_wconf 83' lang='lat' dir='ltr'>MDOIV.</span> <span class='ocrx_word' id='word_1_34' title='bbox 582 1979 612 2040; x_wconf 91' lang='lat'>4.</span> <span class='ocrx_word' id='word_1_35' title='bbox 651 1961 765 2024; x_wconf 81' lang='lat' dir='ltr'>Graeoa</span> <span class='ocrx_word' id='word_1_36' title='bbox 791 1981 873 2022; x_wconf 91' lang='lat' dir='ltr'>nuno</span> <span class='ocrx_word' id='word_1_37' title='bbox 898 1957 1035 2042; x_wconf 86' lang='lat' dir='ltr'>primum</span> <span class='ocrx_word' id='word_1_38' title='bbox 1058 1957 1185 2042; x_wconf 81' lang='lat' dir='ltr'>profero</span> <span class='ocrx_word' id='word_1_39' title='bbox 1208 1957 1241 2019; x_wconf 92' lang='lat' dir='ltr'>in</span> 
     </span>
     <span class='ocr_line' id='line_1_9' title="bbox 203 2043 1242 2130; baseline 0.001 -25"><span class='ocrx_word' id='word_1_40' title='bbox 203 2063 294 2106; x_wconf 88' lang='lat' dir='ltr'>noem</span> <span class='ocrx_word' id='word_1_41' title='bbox 314 2043 466 2110; x_wconf 75' lang='lat' dir='ltr'>beneficio</span> <span class='ocrx_word' id='word_1_42' title='bbox 487 2045 638 2122; x_wconf 86' lang='lat' dir='ltr'>e&#39;usdem,</span> <span class='ocrx_word' id='word_1_43' title='bbox 654 2067 675 2110; x_wconf 85' lang='lat' dir='ltr'>a</span> <span class='ocrx_word' id='word_1_44' title='bbox 694 2067 757 2130; x_wconf 93' lang='lat' dir='ltr'>quo</span> <span class='ocrx_word' id='word_1_45' title='bbox 779 2045 973 2130; x_wconf 88' lang='lat' dir='ltr'>superiorem</span> <span class='ocrx_word' id='word_1_46' title='bbox 991 2045 1142 2122; x_wconf 75' lang='grc' dir='ltr'>ἀπόδειξιν</span> <span class='ocrx_word' id='word_1_47' title='bbox 1158 2043 1242 2126; x_wconf 81' lang='lat' dir='ltr'>(haeo</span> 
     </span>
     <span class='ocr_line' id='line_1_10' title="bbox 192 2128 1243 2216; baseline 0 -24"><span class='ocrx_word' id='word_1_48' title='bbox 192 2137 243 2192; x_wconf 83' lang='lat' dir='ltr'>est</span> <span class='ocrx_word' id='word_1_49' title='bbox 267 2129 300 2193; x_wconf 89' lang='lat' dir='ltr'>S.</span> <span class='ocrx_word' id='word_1_50' title='bbox 317 2129 484 2216; x_wconf 81' lang='lat' dir='ltr'>Hippolyti</span> <span class='ocrx_word' id='word_1_51' title='bbox 516 2131 709 2210; x_wconf 72' lang='grc' dir='ltr'>Αποὸεικτικῆ</span> <span class='ocrx_word' id='word_1_52' title='bbox 734 2131 807 2213; x_wconf 79' lang='grc' dir='ltr'>πρὸς</span> <span class='ocrx_word' id='word_1_53' title='bbox 828 2128 998 2206; x_wconf 79' lang='grc' dir='ltr'>Ἰουδαίους,</span> <span class='ocrx_word' id='word_1_54' title='bbox 1018 2129 1243 2193; x_wconf 60' lang='lat' dir='ltr'>Damoeta-atto</span> 
     </span>
     <span class='ocr_line' id='line_1_11' title="bbox 192 2213 1242 2302; baseline -0.001 -25"><span class='ocrx_word' id='word_1_55' title='bbox 192 2213 337 2279; x_wconf 71' lang='lat' dir='ltr'>odoenus</span> <span class='ocrx_word' id='word_1_56' title='bbox 364 2217 516 2300; x_wconf 63' lang='lat' dir='ltr'>Iudaea)</span> <span class='ocrx_word' id='word_1_57' title='bbox 547 2217 664 2302; x_wconf 83' lang='lat' dir='ltr'>aoeepi,</span> <span class='ocrx_word' id='word_1_58' title='bbox 694 2217 753 2280; x_wconf 88' lang='lat' dir='ltr'>viri</span> <span class='ocrx_word' id='word_1_59' title='bbox 785 2215 962 2281; x_wconf 79' lang='lat' dir='ltr'>eruditione</span> <span class='ocrx_word' id='word_1_60' title='bbox 991 2237 1029 2279; x_wconf 85' lang='lat' dir='ltr'>eo</span> <span class='ocrx_word' id='word_1_61' title='bbox 1058 2214 1180 2279; x_wconf 89' lang='lat' dir='ltr'>meritis</span> <span class='ocrx_word' id='word_1_62' title='bbox 1209 2213 1242 2277; x_wconf 90' lang='lat' dir='ltr'>in</span> 
     </span>
     <span class='ocr_line' id='line_1_12' title="bbox 192 2298 1242 2389; baseline -0.002 -26"><span class='ocrx_word' id='word_1_63' title='bbox 192 2298 302 2364; x_wconf 83' lang='lat' dir='ltr'>literas</span> <span class='ocrx_word' id='word_1_64' title='bbox 331 2307 364 2366; x_wconf 91' lang='lat' dir='ltr'>et</span> <span class='ocrx_word' id='word_1_65' title='bbox 394 2303 508 2389; x_wconf 80' lang='lat' dir='ltr'>insigni</span> <span class='ocrx_word' id='word_1_66' title='bbox 537 2304 656 2369; x_wconf 81' lang='lat' dir='ltr'>virtute</span> <span class='ocrx_word' id='word_1_67' title='bbox 689 2302 860 2367; x_wconf 84' lang='lat' dir='ltr'>venerandi</span> <span class='ocrx_word' id='word_1_68' title='bbox 895 2302 978 2364; x_wconf 92' lang='lat' dir='ltr'>dom.</span> <span class='ocrx_word' id='word_1_69' title='bbox 1009 2301 1173 2365; x_wconf 68' lang='lat' dir='ltr'>Banasam</span> <span class='ocrx_word' id='word_1_70' title='bbox 1203 2322 1242 2362; x_wconf 84' lang='lat' dir='ltr'>nn</span> 
     </span>
     <span class='ocr_line' id='line_1_13' title="bbox 195 2385 1241 2474; baseline 0 -25"><span class='ocrx_word' id='word_1_71' title='bbox 195 2385 421 2465; x_wconf 74' lang='lat' dir='ltr'>Monnssuoon,</span> <span class='ocrx_word' id='word_1_72' title='bbox 437 2390 492 2474; x_wconf 93' lang='lat' dir='ltr'>qui</span> <span class='ocrx_word' id='word_1_73' title='bbox 513 2389 567 2454; x_wconf 86' lang='lat' dir='ltr'>illa</span> <span class='ocrx_word' id='word_1_74' title='bbox 589 2413 629 2454; x_wconf 86' lang='lat' dir='ltr'>ex</span> <span class='ocrx_word' id='word_1_75' title='bbox 651 2389 758 2454; x_wconf 89' lang='lat' dir='ltr'>oodioe</span> <span class='ocrx_word' id='word_1_76' title='bbox 774 2388 934 2454; x_wconf 87' lang='lat' dir='ltr'>Vatioano</span> <span class='ocrx_word' id='word_1_77' title='bbox 954 2386 1115 2473; x_wconf 75' lang='lat' dir='ltr'>descripta</span> <span class='ocrx_word' id='word_1_78' title='bbox 1133 2387 1177 2450; x_wconf 88' lang='lat' dir='ltr'>ad</span> <span class='ocrx_word' id='word_1_79' title='bbox 1190 2407 1241 2449; x_wconf 89' lang='lat' dir='ltr'>me</span> 
     </span>
     <span class='ocr_line' id='line_1_14' title="bbox 193 2472 1243 2576; baseline -0.003 -39"><span class='ocrx_word' id='word_1_80' title='bbox 193 2472 292 2538; x_wconf 84' lang='lat' dir='ltr'>misit.</span> <span class='ocrx_word' id='word_1_81' title='bbox 338 2473 433 2540; x_wconf 85' lang='lat' dir='ltr'>Notis</span> <span class='ocrx_word' id='word_1_82' title='bbox 449 2475 606 2549; x_wconf 78' lang='lat' dir='ltr'>&#39;l&#39;unriani¹</span> <span class='ocrx_word' id='word_1_83' title='bbox 627 2497 706 2576; x_wconf 78' lang='lat' dir='ltr'>quas</span> <span class='ocrx_word' id='word_1_84' title='bbox 728 2497 842 2539; x_wconf 88' lang='lat' dir='ltr'>nomen</span> <span class='ocrx_word' id='word_1_85' title='bbox 865 2474 933 2558; x_wconf 90' lang='lat' dir='ltr'>ejus</span> <span class='ocrx_word' id='word_1_86' title='bbox 955 2473 1052 2537; x_wconf 87' lang='lat' dir='ltr'>distin</span> <span class='ocrx_word' id='word_1_87' title='bbox 1096 2480 1138 2548; x_wconf 88' lang='lat' dir='ltr'>et,</span> <span class='ocrx_word' id='word_1_88' title='bbox 1155 2493 1243 2535; x_wconf 85' lang='lat' dir='ltr'>meas</span> 
     </span>
     <span class='ocr_line' id='line_1_15' title="bbox 193 2558 1243 2643; baseline -0.001 -21"><span class='ocrx_word' id='word_1_89' title='bbox 193 2558 345 2643; x_wconf 85' lang='lat' dir='ltr'>adspersi.</span> <span class='ocrx_word' id='word_1_90' title='bbox 390 2561 516 2626; x_wconf 75' lang='lat' dir='ltr'>Titulus</span> <span class='ocrx_word' id='word_1_91' title='bbox 541 2570 611 2626; x_wconf 84' lang='lat' dir='ltr'>erat</span> <span class='ocrx_word' id='word_1_92' title='bbox 635 2584 668 2625; x_wconf 88' lang='lat' dir='ltr'>1n</span> <span class='ocrx_word' id='word_1_93' title='bbox 690 2560 837 2625; x_wconf 72' lang='lat' dir='ltr'>Ttnriani</span> <span class='ocrx_word' id='word_1_94' title='bbox 857 2559 934 2624; x_wconf 89' lang='lat' dir='ltr'>edit.</span> <span class='ocrx_word' id='word_1_95' title='bbox 956 2559 1050 2623; x_wconf 81' lang='lat' dir='ltr'>Homi</span> <span class='ocrx_word' id='word_1_96' title='bbox 1063 2560 1098 2622; x_wconf 83' lang='lat' dir='ltr'>ia</span> <span class='ocrx_word' id='word_1_97' title='bbox 1116 2558 1154 2621; x_wconf 84' lang='lat' dir='ltr'>de</span> <span class='ocrx_word' id='word_1_98' title='bbox 1176 2558 1243 2622; x_wconf 84' lang='lat' dir='ltr'>Deo</span> 
     </span>
     <span class='ocr_line' id='line_1_16' title="bbox 194 2643 1245 2731; baseline -0.001 -24"><span class='ocrx_word' id='word_1_99' title='bbox 194 2645 275 2707; x_wconf 75' lang='lat' dir='ltr'>trino</span> <span class='ocrx_word' id='word_1_100' title='bbox 298 2654 326 2709; x_wconf 79' lang='lat' dir='ltr'>et</span> <span class='ocrx_word' id='word_1_101' title='bbox 349 2667 417 2723; x_wconf 80' lang='grc' dir='ltr'>υοο,</span> <span class='ocrx_word' id='word_1_102' title='bbox 443 2656 472 2712; x_wconf 76' lang='lat' dir='ltr'>el</span> <span class='ocrx_word' id='word_1_103' title='bbox 494 2647 532 2711; x_wconf 84' lang='lat' dir='ltr'>de</span> <span class='ocrx_word' id='word_1_104' title='bbox 557 2648 697 2731; x_wconf 73' lang='lat' dir='ltr'>mysterio</span> <span class='ocrx_word' id='word_1_105' title='bbox 726 2646 956 2711; x_wconf 59' lang='lat' dir='ltr'>lueet-notionis</span> <span class='ocrx_word' id='word_1_106' title='bbox 983 2654 1088 2708; x_wconf 73' lang='lat' dir='ltr'>amara</span> <span class='ocrx_word' id='word_1_107' title='bbox 1116 2643 1245 2707; x_wconf 73' lang='lat' dir='ltr'>torosio</span> 
     </span>
     <span class='ocr_line' id='line_1_17' title="bbox 195 2729 1242 2812; baseline -0.001 -19"><span class='ocrx_word' id='word_1_108' title='bbox 195 2731 297 2794; x_wconf 61' lang='lat' dir='ltr'>Nosti.</span> <span class='ocrx_word' id='word_1_109' title='bbox 344 2730 382 2795; x_wconf 94' lang='lat' dir='ltr'>In</span> <span class='ocrx_word' id='word_1_110' title='bbox 399 2732 472 2796; x_wconf 89' lang='lat' dir='ltr'>MS.</span> <span class='ocrx_word' id='word_1_111' title='bbox 492 2733 650 2797; x_wconf 85' lang='lat' dir='ltr'>Vatioano</span> <span class='ocrx_word' id='word_1_112' title='bbox 670 2733 768 2798; x_wconf 85' lang='lat' dir='ltr'>etium</span> <span class='ocrx_word' id='word_1_113' title='bbox 786 2731 912 2812; x_wconf 69' lang='grc' dir='ltr'>Ὀμιλίο</span> <span class='ocrx_word' id='word_1_114' title='bbox 925 2729 1103 2795; x_wconf 75' lang='grc' dir='ltr'>Ἱππολύτου</span> <span class='ocrx_word' id='word_1_115' title='bbox 1126 2733 1167 2795; x_wconf 80' lang='grc' dir='ltr'>εἰς</span> <span class='ocrx_word' id='word_1_116' title='bbox 1188 2730 1242 2807; x_wconf 72' lang='grc' dir='ltr'>τὴν</span> 
     </span>
     <span class='ocr_line' id='line_1_18' title="bbox 195 2813 1242 2900; baseline -0.003 -21"><span class='ocrx_word' id='word_1_117' title='bbox 195 2817 311 2896; x_wconf 64' lang='grc' dir='ltr'>οζοεσιυ</span> <span class='ocrx_word' id='word_1_118' title='bbox 326 2818 445 2896; x_wconf 68' lang='lat' dir='ltr'>Neriton</span> <span class='ocrx_word' id='word_1_119' title='bbox 459 2821 546 2887; x_wconf 83' lang='grc' dir='ltr'>τιυός.</span> <span class='ocrx_word' id='word_1_120' title='bbox 593 2820 657 2883; x_wconf 83' lang='lat' dir='ltr'>Sed</span> <span class='ocrx_word' id='word_1_121' title='bbox 672 2840 743 2882; x_wconf 86' lang='lat' dir='ltr'>oum</span> <span class='ocrx_word' id='word_1_122' title='bbox 759 2817 894 2882; x_wconf 88' lang='lat' dir='ltr'>Photius</span> <span class='ocrx_word' id='word_1_123' title='bbox 908 2821 1047 2881; x_wconf 86' lang='lat' dir='ltr'>testetur</span> <span class='ocrx_word' id='word_1_124' title='bbox 1066 2837 1145 2900; x_wconf 89' lang='lat' dir='ltr'>opus</span> <span class='ocrx_word' id='word_1_125' title='bbox 1161 2813 1242 2898; x_wconf 55' lang='lat' dir='ltr'>His</span> 
     </span>
    </p>
   </div>
   <div class='ocr_carea' id='block_1_6' title="bbox 195 2899 1352 2989">
    <p class='ocr_par' dir='ltr' id='par_1_7' title="bbox 195 2899 1352 2989">
     <span class='ocr_line' id='line_1_19' title="bbox 195 2899 1352 2989; baseline -0.005 -24"><span class='ocrx_word' id='word_1_126' title='bbox 195 2902 295 2986; x_wconf 86' lang='lat' dir='ltr'>polyti</span> <span class='ocrx_word' id='word_1_127' title='bbox 321 2904 472 2968; x_wconf 83' lang='lat' dir='ltr'>adversus</span> <span class='ocrx_word' id='word_1_128' title='bbox 495 2905 631 2970; x_wconf 85' lang='lat' dir='ltr'>haereses</span> <span class='ocrx_word' id='word_1_129' title='bbox 654 2905 688 2968; x_wconf 93' lang='lat' dir='ltr'>in</span> <span class='ocrx_word' id='word_1_130' title='bbox 711 2903 947 2989; x_wconf 77' lang='lat' dir='ltr'>oppugnatione</span> <span class='ocrx_word' id='word_1_131' title='bbox 969 2901 1125 2966; x_wconf 60' lang='lat' dir='ltr'>haereseos</span> <span class='ocrx_word' id='word_1_132' title='bbox 1147 2899 1242 2964; x_wconf 71' lang='lat' dir='ltr'>No&#39;eti</span> <span class='ocrx_word' id='word_1_133' title='bbox 1347 2901 1352 2921; x_wconf 79' lang='lat'><strong>¹</strong></span> 
     </span>
    </p>
   </div>
   <div class='ocr_carea' id='block_1_7' title="bbox 196 2986 1244 3244">
    <p class='ocr_par' dir='ltr' id='par_1_8' title="bbox 196 2986 1244 3244">
     <span class='ocr_line' id='line_1_20' title="bbox 196 2986 1244 3074; baseline -0.003 -24"><span class='ocrx_word' id='word_1_134' title='bbox 196 2987 335 3066; x_wconf 77' lang='lat' dir='ltr'>desiisse,</span> <span class='ocrx_word' id='word_1_135' title='bbox 350 2997 448 3073; x_wconf 87' lang='lat' dir='ltr'>atque</span> <span class='ocrx_word' id='word_1_136' title='bbox 469 2990 595 3054; x_wconf 89' lang='lat' dir='ltr'>initium</span> <span class='ocrx_word' id='word_1_137' title='bbox 616 2991 711 3074; x_wconf 91' lang='lat' dir='ltr'>hujus</span> <span class='ocrx_word' id='word_1_138' title='bbox 732 2989 842 3074; x_wconf 83' lang='lat' dir='ltr'>scripti</span> <span class='ocrx_word' id='word_1_139' title='bbox 863 2987 1030 3052; x_wconf 81' lang='lat' dir='ltr'>manifeste</span> <span class='ocrx_word' id='word_1_140' title='bbox 1049 2987 1166 3072; x_wconf 82' lang='lat' dir='ltr'>prodet</span> <span class='ocrx_word' id='word_1_141' title='bbox 1180 2986 1244 3048; x_wconf 83' lang='lat' dir='ltr'>elia</span> 
     </span>
     <span class='ocr_line' id='line_1_21' title="bbox 196 3073 1243 3160; baseline -0.005 -21"><span class='ocrx_word' id='word_1_142' title='bbox 196 3075 395 3158; x_wconf 85' lang='lat' dir='ltr'>prooessisse,</span> <span class='ocrx_word' id='word_1_143' title='bbox 426 3075 458 3139; x_wconf 94' lang='lat' dir='ltr'>in</span> <span class='ocrx_word' id='word_1_144' title='bbox 488 3076 601 3160; x_wconf 90' lang='lat' dir='ltr'>quibus</span> <span class='ocrx_word' id='word_1_145' title='bbox 631 3077 671 3139; x_wconf 92' lang='lat' dir='ltr'>de</span> <span class='ocrx_word' id='word_1_146' title='bbox 700 3075 770 3138; x_wconf 89' lang='lat' dir='ltr'>aliis</span> <span class='ocrx_word' id='word_1_147' title='bbox 801 3073 1013 3160; x_wconf 70' lang='lat' dir='ltr'>dogmatibus</span> <span class='ocrx_word' id='word_1_148' title='bbox 1043 3073 1177 3136; x_wconf 86' lang='lat' dir='ltr'>aliorum</span> <span class='ocrx_word' id='word_1_149' title='bbox 1206 3078 1243 3134; x_wconf 89' lang='lat' dir='ltr'>ut</span> 
     </span>
     <span class='ocr_line' id='line_1_22' title="bbox 197 3157 1244 3244; baseline -0.005 -20"><span class='ocrx_word' id='word_1_150' title='bbox 197 3159 323 3224; x_wconf 86' lang='lat' dir='ltr'>videtur</span> <span class='ocrx_word' id='word_1_151' title='bbox 348 3161 568 3225; x_wconf 83' lang='lat' dir='ltr'>haeretieorum</span> <span class='ocrx_word' id='word_1_152' title='bbox 594 3161 753 3234; x_wconf 85' lang='lat' dir='ltr'>disseruit,</span> <span class='ocrx_word' id='word_1_153' title='bbox 780 3181 880 3244; x_wconf 90' lang='lat' dir='ltr'>eaque</span> <span class='ocrx_word' id='word_1_154' title='bbox 905 3157 1109 3244; x_wconf 86' lang='lat' dir='ltr'>oppugnavit.</span> <span class='ocrx_word' id='word_1_155' title='bbox 1140 3157 1244 3220; x_wconf 86' lang='lat' dir='ltr'>habeo</span> 
     </span>
    </p>
   </div>
   <div class='ocr_carea' id='block_1_8' title="bbox 198 3244 1243 3396">
    <p class='ocr_par' dir='ltr' id='par_1_9' title="bbox 198 3244 1243 3396">
     <span class='ocr_line' id='line_1_23' title="bbox 198 3244 1243 3396; baseline -0.003 -88"><span class='ocrx_word' id='word_1_156' title='bbox 198 3245 274 3309; x_wconf 89' lang='lat' dir='ltr'>illud</span> <span class='ocrx_word' id='word_1_157' title='bbox 289 3269 347 3331; x_wconf 84' lang='lat' dir='ltr'>pro</span> <span class='ocrx_word' id='word_1_158' title='bbox 363 3254 506 3310; x_wconf 86' lang='lat' dir='ltr'>extrema</span> <span class='ocrx_word' id='word_1_159' title='bbox 519 3253 612 3331; x_wconf 85' lang='lat' dir='ltr'>parte</span> <span class='ocrx_word' id='word_1_160' title='bbox 629 3246 701 3310; x_wconf 86' lang='lat' dir='ltr'>libri</span> <span class='ocrx_word' id='word_1_161' title='bbox 717 3245 905 3396; x_wconf 52' lang='lat' dir='ltr'>Hiffiolytei</span> <span class='ocrx_word' id='word_1_162' title='bbox 926 3245 1077 3308; x_wconf 86' lang='lat' dir='ltr'>adversus</span> <span class='ocrx_word' id='word_1_163' title='bbox 1098 3244 1243 3313; x_wconf 85' lang='lat' dir='ltr'>haereses,</span> 
     </span>
    </p>
   </div>
   <div class='ocr_carea' id='block_1_9' title="bbox 197 3329 1250 4594">
    <p class='ocr_par' dir='ltr' id='par_1_10' title="bbox 197 3329 1248 4020">
     <span class='ocr_line' id='line_1_24' title="bbox 197 3329 1244 3416; baseline -0.008 -19"><span class='ocrx_word' id='word_1_164' title='bbox 197 3331 262 3397; x_wconf 84' lang='lat' dir='ltr'>sive</span> <span class='ocrx_word' id='word_1_165' title='bbox 276 3333 420 3396; x_wconf 71' lang='lat' dir='ltr'>mmrio</span> <span class='ocrx_word' id='word_1_166' title='bbox 434 3333 603 3408; x_wconf 69' lang='lat' dir='ltr'>haeresium,</span> <span class='ocrx_word' id='word_1_167' title='bbox 620 3339 657 3398; x_wconf 90' lang='lat' dir='ltr'>ut</span> <span class='ocrx_word' id='word_1_168' title='bbox 673 3333 705 3396; x_wconf 90' lang='lat' dir='ltr'>S.</span> <span class='ocrx_word' id='word_1_169' title='bbox 723 3333 772 3396; x_wconf 79' lang='lat' dir='ltr'>Ge</span> <span class='ocrx_word' id='word_1_170' title='bbox 820 3331 868 3395; x_wconf 87' lang='lat' dir='ltr'>ius</span> <span class='ocrx_word' id='word_1_171' title='bbox 882 3329 1031 3416; x_wconf 86' lang='lat' dir='ltr'>appellat,</span> <span class='ocrx_word' id='word_1_172' title='bbox 1044 3329 1190 3413; x_wconf 81' lang='lat' dir='ltr'>quaedam</span> <span class='ocrx_word' id='word_1_173' title='bbox 1205 3349 1244 3391; x_wconf 87' lang='lat' dir='ltr'>ex</span> 
     </span>
     <span class='ocr_line' id='line_1_25' title="bbox 198 3414 1243 3503; baseline -0.005 -23"><span class='ocrx_word' id='word_1_174' title='bbox 198 3417 258 3481; x_wconf 90' lang='lat' dir='ltr'>hoo</span> <span class='ocrx_word' id='word_1_175' title='bbox 284 3419 522 3503; x_wconf 82' lang='grc' dir='ltr'>ἀποοπασμοτίῳ</span> <span class='ocrx_word' id='word_1_176' title='bbox 547 3418 687 3483; x_wconf 81' lang='lat' dir='ltr'>referens</span> <span class='ocrx_word' id='word_1_177' title='bbox 712 3418 754 3482; x_wconf 88' lang='lat' dir='ltr'>ed</span> <span class='ocrx_word' id='word_1_178' title='bbox 778 3418 917 3493; x_wconf 87' lang='lat' dir='ltr'>verbnm,</span> <span class='ocrx_word' id='word_1_179' title='bbox 945 3423 982 3480; x_wconf 92' lang='lat' dir='ltr'>nt</span> <span class='ocrx_word' id='word_1_180' title='bbox 1005 3415 1047 3478; x_wconf 90' lang='lat' dir='ltr'>ad</span> <span class='ocrx_word' id='word_1_181' title='bbox 1073 3422 1169 3501; x_wconf 86' lang='lat' dir='ltr'>eaput</span> <span class='ocrx_word' id='word_1_182' title='bbox 1195 3414 1243 3477; x_wconf 86' lang='lat'>18.</span> 
     </span>
     <span class='ocr_line' id='line_1_26' title="bbox 198 3501 1248 3588; baseline -0.004 -21"><span class='ocrx_word' id='word_1_183' title='bbox 198 3503 357 3568; x_wconf 88' lang='lat' dir='ltr'>annotavi.</span> <span class='ocrx_word' id='word_1_184' title='bbox 403 3503 514 3588; x_wconf 91' lang='lat' dir='ltr'>Neque</span> <span class='ocrx_word' id='word_1_185' title='bbox 539 3505 648 3570; x_wconf 79' lang='lat' dir='ltr'>obstet</span> <span class='ocrx_word' id='word_1_186' title='bbox 674 3505 759 3588; x_wconf 91' lang='lat' dir='ltr'>quod</span> <span class='ocrx_word' id='word_1_187' title='bbox 788 3503 895 3566; x_wconf 92' lang='lat' dir='ltr'>lideles</span> <span class='ocrx_word' id='word_1_188' title='bbox 920 3501 1109 3587; x_wconf 90' lang='lat' dir='ltr'>quandoque</span> <span class='ocrx_word' id='word_1_189' title='bbox 1134 3508 1248 3565; x_wconf 82' lang='lat' dir='ltr'>enetor</span> 
     </span>
     <span class='ocr_line' id='line_1_27' title="bbox 199 3585 1245 3690; baseline -0.007 -36"><span class='ocrx_word' id='word_1_190' title='bbox 199 3589 381 3690; x_wconf 75' lang='lat' dir='ltr'>alloquitur,</span> <span class='ocrx_word' id='word_1_191' title='bbox 408 3597 445 3654; x_wconf 88' lang='lat' dir='ltr'>ut</span> <span class='ocrx_word' id='word_1_192' title='bbox 473 3590 507 3654; x_wconf 94' lang='lat' dir='ltr'>in</span> <span class='ocrx_word' id='word_1_193' title='bbox 533 3591 669 3654; x_wconf 90' lang='lat' dir='ltr'>homiliis</span> <span class='ocrx_word' id='word_1_194' title='bbox 692 3591 761 3654; x_wconf 88' lang='lat' dir='ltr'>lieri</span> <span class='ocrx_word' id='word_1_195' title='bbox 785 3589 875 3664; x_wconf 88' lang='lat' dir='ltr'>solet,</span> <span class='ocrx_word' id='word_1_196' title='bbox 905 3609 979 3688; x_wconf 80' lang='lat' dir='ltr'>nam</span> <span class='ocrx_word' id='word_1_197' title='bbox 1005 3588 1065 3651; x_wconf 90' lang='lat' dir='ltr'>hoo</span> <span class='ocrx_word' id='word_1_198' title='bbox 1089 3587 1186 3688; x_wconf 70' lang='lat' dir='ltr'>etiatn</span> <span class='ocrx_word' id='word_1_199' title='bbox 1212 3585 1245 3649; x_wconf 93' lang='lat' dir='ltr'>in</span> 
     </span>
     <span class='ocr_line' id='line_1_28' title="bbox 199 3673 1244 3856; baseline -0.003 -32"><span class='ocrx_word' id='word_1_200' title='bbox 199 3673 1244 3856; x_wconf 45' lang='lat' dir='ltr'>tullefelt&amp;⁰‘ttlll’dt‘5⁸ltttl‘dlllt:</span> 
     </span>
     <span class='ocr_line' id='line_1_29' title="bbox 200 3846 1248 3998; baseline -0.002 -89"><span class='ocrx_word' id='word_1_201' title='bbox 200 3846 305 3931; x_wconf 88' lang='lat' dir='ltr'>priore</span> <span class='ocrx_word' id='word_1_202' title='bbox 332 3847 465 3932; x_wconf 70' lang='grc' dir='ltr'>Οροαυο</span> <span class='ocrx_word' id='word_1_203' title='bbox 488 3849 523 3912; x_wconf 78' lang='lat' dir='ltr'>S.</span> <span class='ocrx_word' id='word_1_204' title='bbox 548 3849 711 3998; x_wconf 55' lang='grc' dir='ltr'>Ηὶςυροὶυιᾶ</span> <span class='ocrx_word' id='word_1_205' title='bbox 738 3847 846 3948; x_wconf 73' lang='grc' dir='ltr'>ῌοιοί)</span> <span class='ocrx_word' id='word_1_206' title='bbox 908 3846 1024 3910; x_wconf 87' lang='lat' dir='ltr'>&#39;anno</span> <span class='ocrx_word' id='word_1_207' title='bbox 1043 3846 1248 3992; x_wconf 47' lang='lat' dir='ltr'>mmm</span> 
     </span>
     <span class='ocr_line' id='line_1_30' title="bbox 200 3933 1095 4020; baseline -0.001 -25"><span class='ocrx_word' id='word_1_208' title='bbox 200 3953 326 4008; x_wconf 80' lang='lat' dir='ltr'>exouso,</span> <span class='ocrx_word' id='word_1_209' title='bbox 342 3956 374 4018; x_wconf 91' lang='lat' dir='ltr'>p.</span> <span class='ocrx_word' id='word_1_210' title='bbox 392 3951 464 4018; x_wconf 81' lang='lat'><strong>225.</strong></span> <span class='ocrx_word' id='word_1_211' title='bbox 487 3956 527 3998; x_wconf 87' lang='lat' dir='ltr'>ex</span> <span class='ocrx_word' id='word_1_212' title='bbox 549 3935 677 4000; x_wconf 76' lang='lat' dir='ltr'>Geaslo</span> <span class='ocrx_word' id='word_1_213' title='bbox 703 3955 850 4020; x_wconf 73' lang='lat' dir='ltr'>episeopo</span> <span class='ocrx_word' id='word_1_214' title='bbox 927 3953 1022 3996; x_wconf 91' lang='lat' dir='ltr'>mano</span> <span class='ocrx_word' id='word_1_215' title='bbox 1045 3933 1095 3994; x_wconf 89' lang='lat' dir='ltr'>De</span> 
     </span>
    </p>

    <p class='ocr_par' dir='ltr' id='par_1_11' title="bbox 200 4013 1250 4532">
     <span class='ocr_line' id='line_1_31' title="bbox 201 4013 1248 4121; baseline -0.005 -40"><span class='ocrx_word' id='word_1_216' title='bbox 201 4019 338 4082; x_wconf 59' lang='lat' dir='ltr'>Nolunt</span> <span class='ocrx_word' id='word_1_217' title='bbox 367 4020 402 4082; x_wconf 79' lang='lat' dir='ltr'>ie</span> <span class='ocrx_word' id='word_1_218' title='bbox 433 4019 562 4098; x_wconf 70' lang='lat' dir='ltr'>Clu-isto,</span> <span class='ocrx_word' id='word_1_219' title='bbox 587 4021 739 4121; x_wconf 37' lang='lat' dir='ltr'>&#39;quaedam</span> <span class='ocrx_word' id='word_1_220' title='bbox 777 4040 848 4084; x_wconf 85' lang='lat' dir='ltr'>oum</span> <span class='ocrx_word' id='word_1_221' title='bbox 878 4015 1047 4118; x_wconf 70' lang='lat' dir='ltr'>llippolyti</span> <span class='ocrx_word' id='word_1_222' title='bbox 1066 4014 1136 4116; x_wconf 43' lang='lat' dir='ltr'>&#39;illis</span> <span class='ocrx_word' id='word_1_223' title='bbox 1165 4013 1248 4112; x_wconf 65' lang='lat' dir='ltr'>inlnn</span> 
     </span>
     <span class='ocr_line' id='line_1_32' title="bbox 200 4099 1250 4277; baseline -0.007 -23"><span class='ocrx_word' id='word_1_224' title='bbox 200 4099 1250 4277; x_wconf 51' lang='lat' dir='ltr'>“eteleffdsldtlssdledet.degluti?stell</span> 
     </span>
     <span class='ocr_line' id='line_1_33' title="bbox 201 4272 1249 4376; baseline -0.006 -36"><span class='ocrx_word' id='word_1_225' title='bbox 201 4277 347 4352; x_wconf 77' lang='lat' dir='ltr'>Hoereees,</span> <span class='ocrx_word' id='word_1_226' title='bbox 371 4276 404 4337; x_wconf 91' lang='lat' dir='ltr'>in</span> <span class='ocrx_word' id='word_1_227' title='bbox 427 4276 552 4341; x_wconf 76' lang='lat' dir='ltr'>Heu-esi</span> <span class='ocrx_word' id='word_1_228' title='bbox 579 4278 641 4342; x_wconf 88' lang='lat' dir='ltr'>lvii.</span> <span class='ocrx_word' id='word_1_229' title='bbox 663 4277 748 4376; x_wconf 71' lang='lat' dir='ltr'>hand</span> <span class='ocrx_word' id='word_1_230' title='bbox 774 4295 876 4361; x_wconf 84' lang='lat' dir='ltr'>pauoe</span> <span class='ocrx_word' id='word_1_231' title='bbox 895 4293 1013 4374; x_wconf 81' lang='lat' dir='ltr'>eorum,</span> <span class='ocrx_word' id='word_1_232' title='bbox 1036 4295 1108 4357; x_wconf 81' lang='lat' dir='ltr'>quae</span> <span class='ocrx_word' id='word_1_233' title='bbox 1129 4272 1181 4336; x_wconf 90' lang='lat' dir='ltr'>hio</span> <span class='ocrx_word' id='word_1_234' title='bbox 1203 4293 1249 4335; x_wconf 76' lang='lat' dir='ltr'>se</span> 
     </span>
     <span class='ocr_line' id='line_1_34' title="bbox 201 4359 1250 4532; baseline -0.006 -21"><span class='ocrx_word' id='word_1_235' title='bbox 201 4359 1250 4532; x_wconf 53' lang='lat' dir='ltr'>lltl‘elllffiltefflllllltldaellltlll</span> 
     </span>
    </p>

    <p class='ocr_par' dir='ltr' id='par_1_12' title="bbox 722 4555 745 4594">
     <span class='ocr_line' id='line_1_35' title="bbox 722 4555 745 4594; baseline 0 0"><span class='ocrx_word' id='word_1_236' title='bbox 722 4555 745 4594; x_wconf 78' lang='lat' dir='ltr'>s«</span> 
     </span>
    </p>
   </div>
   <div class='ocr_carea' id='block_1_10' title="bbox 0 0 1685 5198">
    <p class='ocr_par' dir='ltr' id='par_1_13' title="bbox 0 0 1685 5198">
     <span class='ocr_line' id='line_1_36' title="bbox 0 0 1685 5198; baseline 0 0"><span class='ocrx_word' id='word_1_237' title='bbox 0 0 1685 5198; x_wconf 95' lang='lat' dir='ltr'> </span> 
     </span>
    </p>
   </div>
  </div>
 </body>
</html>
