3326 5200
413 505 477 574 192
748 502 1128 567 ANNOTATIONES

412 697 504 740 voces
518 683 574 740 cat
587 673 726 753 alterurn,
742 681 826 740 teste
841 675 1038 740 Tertulliano
1053 675 1113 754 hic,
1130 675 1162 741 S.
1175 655 1334 760 Cypriane
1346 697 1394 763 ep.
1406 697 1459 764 55,

412 770 446 827 at
467 761 521 825 lib.
538 761 611 860 ΙΙΙ.Ι
629 781 698 860 cap.
716 763 768 842 78.
791 763 833 825 ad
862 759 1037 843 Quirinum,
1064 762 1236 825 Ambrosio
1282 762 1402 828 luribus
1427 765 1460 828 in

411 847 498 926 locis,
514 869 551 912 aa
568 846 693 911 Hilario
709 847 862 912 Romanae
874 847 1012 911 ecclesiae
1023 847 1166 912 diacono.
1199 848 1232 912 S.
1281 849 1460 934 ieronymus

411 955 486 998 vero
508 933 564 1010 ait,
588 933 620 996 in
644 934 764 998 Graecis
785 934 815 997 le
838 933 845 946 ”
862 943 933 1018 post
955 955 1058 1011 mmm,
1083 935 1116 999 in
1143 934 1268 999 Latinis
1288 936 1458 1016 codicibus,

404 1030 476 1105 post
489 1041 583 1084 tutum
597 1029 626 1083 ct
639 1019 777 1084 alterum.
842 1041 994 1082 uuorurro
1008 1021 1050 1084 ad
1070 1021 1149 1084 edit.
1168 1021 1346 1084 Romanam
1366 1023 1459 1107 hujus

411 1113 580 1184 tractatus,
597 1127 666 1189 quae
681 1128 766 1170 anno
784 1109 875 1190 1765.
891 1106 1019 1190 prodiit.
1049 1107 1104 1170 Ad
1119 1106 1153 1170 S.
1168 1106 1341 1192 Seriphum
1355 1107 1459 1172 locum

412 1193 497 1276 quod
518 1191 646 1269 attinet,
672 1193 855 1257 Graecorum
879 1193 1085 1276 superstitum
1109 1192 1252 1256 codicum
1277 1193 1372 1258 lectio
1397 1201 1457 1269 est,

411 1279 554 1364 plurimis
584 1279 853 1343 consentientibus
883 1276 1016 1355 Latinis,
1040 1282 1116 1358 μετὰ
1144 1281 1215 1359 μίαν
1245 1281 1293 1344 καὶ
1318 1281 1459 1362 δευτέραν

412 1364 582 1428 νουθέσιαν.

457 1451 495 1513 P.
514 1469 583 1533 127.
593 1450 649 1532 l.9.
662 1449 891 1534 subornantur]
904 1449 1069 1514 Ornantur
1079 1449 1234 1526 videlieet,
1246 1449 1456 1532 instruuntur,

412 1545 579 1622 augentur,
613 1537 675 1600 uod
691 1543 819 1600 constat
834 1535 950 1600 Latine
965 1535 1036 1599 dici.
1062 1535 1157 1600 Notae
1172 1537 1213 1600 ad
1226 1535 1389 1602 Thomaeii
1402 1539 1458 1602 Ia·

411 1624 484 1688 satu.
513 1559 613 1687 Theoi.
641 1622 702 1687 vol.
719 1622 734 1685 Ι
741 1671 746 1684 .
771 1645 802 1707 p.
817 1641 867 1702 14.
892 1622 925 1685 in
950 1621 1064 1706 quibus
1088 1621 1139 1686 hic
1163 1621 1352 1687 Tertulliani
1378 1623 1458 1689 liber

412 1709 584 1774 collocatus
599 1715 659 1773 ast.

456 1796 537 1859 Ibid.
554 1796 574 1859 l.
589 1817 635 1859 10.
654 1795 784 1860 trinitas
803 1794 953 1881 hominis]
980 1792 1029 1857 Ut
1051 1793 1110 1858 has
1131 1816 1173 1858 nu
1253 1794 1458 1880 interpretari

411 1882 580 1959 valeamus,
603 1881 706 1946 mittit
732 1902 789 1944 nos
815 1880 974 1945 Semlerus
999 1879 1041 1943 ad
1068 1881 1179 1944 Tertul
1191 1881 1255 1944 iani
1280 1881 1396 1945 librum
1421 1881 1459 1946 de

412 1969 532 2032 Anima
555 1991 623 2053 cap.
642 1987 680 2042 2;
712 1968 755 2031 ad
785 1966 899 2031 Irenaei
928 1973 1036 2030 autem
1061 1965 1115 2029 lib.
1133 1965 1158 2030 I.
1188 1967 1300 2032 Oorura
1321 1967 1459 2033 Hoercses

413 2054 616 2118 Thomasiani
627 2061 737 2118 textus
752 2053 865 2118 editor.
890 2060 909 2088 “
923 2052 1004 2116 Haec
1016 2051 1156 2117 Trinitas
1174 2060 1258 2131 sunt,
1275 2055 1369 2118 homo
1380 2053 1458 2138 hyli-

413 2149 432 2176 “
443 2162 499 2205 cus
511 2162 565 2204 seu
581 2141 716 2218 choicus,
729 2140 832 2216 idest,
846 2139 1020 2203 materialis
1034 2146 1092 2202 aut
1102 2146 1268 2213 terrenus;
1292 2141 1458 2226 psychicus

413 2235 433 2262 “
448 2249 503 2291 seu
532 2227 686 2302 animalis,
718 2232 751 2290 et
777 2224 957 2310 spiritalis.”
1009 2225 1188 2289 Annotatio
1223 2232 1273 2290 est
1307 2226 1349 2291 ad
1379 2226 1456 2290 edit.

412 2313 590 2378 Romanam
605 2335 644 2377 ex
661 2311 833 2376 Christiani
849 2311 929 2396 Lupi
946 2309 1080 2375 Scholiis
1094 2311 1270 2396 desumpta.

457 2399 538 2462 Ibid.
556 2399 577 2461 l.
602 2419 649 2462 ιι.
680 2398 864 2462 Platonicus
886 2396 1016 2482 luerat]
1041 2395 1160 2461 Theod.
1184 2395 1341 2464 Oanterns
1359 2397 1459 2462 Junio

413 2484 654 2548 confirmaverat
677 2484 710 2546 in
732 2484 921 2568 quibusdam
946 2483 1113 2568 (quodam)
1139 2482 1238 2548 MSO.
1257 2483 1328 2570 legi,
1352 2484 1458 2548 Ptaa

411 2572 498 2633 uicus
511 2571 618 2654 furor,
634 2570 716 2634 sorte
731 2571 860 2644 melius;
890 2570 1100 2654 tranquillitas
1114 2569 1295 2655 opponitur.
1321 2571 1457 2634 Sauras.

373 2721 382 2734 ,
413 2656 461 2720 At
476 2678 550 2720 vero
566 2656 676 2720 scribit
687 2664 799 2720 auctor
810 2656 910 2719 infra:
939 2655 1080 2719 Ubitmtc
1099 2655 1277 2720 Vetustinae
1287 2657 1459 2720 Pletoniam

412 2744 562 2806 sectator?

457 2828 640 2892 Ibid.l.18.
664 2828 714 2892 De
734 2827 826 2913 igneo
846 2827 930 2912 Deo]
956 2827 1044 2892 Deus
1063 2828 1168 2913 ἰριισιι(
1182 2827 1288 2912 Apelli
1306 2829 1460 2893 tribuitur

412 2937 481 2979 ca.
538 2961 544 2975 .

450 2936 537 3066 ibid.
553 3002 573 3063 l.
588 3019 639 3066 aa.
656 3001 845 3086 ectromate]
865 2998 1079 3083 Hieronymus
1097 2999 1129 3062 in
1150 2999 1250 3063 Amos
1268 2999 1459 3085 prophetam

411 3087 514 3172 primo
534 3087 762 3152 commentario
782 3086 912 3161 scribit3
942 3085 1149 3150 Valentinum
1164 3108 1204 3149 ex
1219 3085 1379 3150 AEouibus
1394 3087 1459 3151 suis

412 3183 598 3250 extremum,
611 3173 671 3238 hoo
682 3181 740 3252 eet,
750 3173 957 3259 trigesimum,
968 3172 1130 3237 chrisum
1139 3193 1261 3250 vocare,
1271 3179 1305 3238 at
1315 3173 1458 3254 ἔκτρωμα,

412 3260 472 3324 hoc
487 3269 545 3337 est,
561 3260 749 3324 abortivum.
774 3261 899 3323 Barrus
914 3258 1089 3321 Runuuuus
1104 3280 1123 3321 a
1139 3258 1279 3322 Somlero
1293 3259 1420 3323 allatus.

456 3346 538 3410 Ibid.
554 3346 575 3409 l.
591 3364 640 3430 23.
659 3346 809 3431 Sequitur
823 3344 1045 3423 Aristotelem]
1065 3344 1117 3408 lta
1127 3344 1204 3408 edit.
1216 3343 1362 3431 princeps
1373 3345 1457 3408 Rhe-

412 3432 559 3508 naniana‚
576 3432 672 3496 verba
682 3433 818 3517 jungens
833 3453 905 3495 cum
919 3431 1086 3516 prioribus.
1125 3430 1163 3492 lu
1178 3429 1291 3494 ultima
1306 3431 1381 3495 edit.
1401 3452 1459 3495 aua

412 3518 585 3582 Rhenanus
605 3519 794 3594 emendavit,
815 3519 951 3582 itt-serant
970 3517 1169 3594 Aristotelea,
1187 3515 1410 3602 Pameliusque
1424 3538 1459 3580 se

412 3604 457 3668 sic
471 3604 576 3689 legere
590 3627 630 3668 ex
646 3604 753 3668 codice
768 3604 929 3668 Vaticano
946 3609 1085 3668 testatus
1100 3613 1158 3668 est.
1204 3601 1228 3666 J
1229 3602 1322 3667 unius
1336 3625 1411 3668 vero
1426 3603 1458 3666 in

412 3691 497 3755 notis
516 3690 559 3754 ad
578 3690 655 3754 edit.
676 3690 863 3754 Prouehis
884 3711 947 3774 qua
962 3690 1098 3774 quidem,
1120 3689 1202 3753 sicut
1221 3689 1254 3752 in
1274 3689 1458 3754 Delaoerdae

412 3776 560 3854 editione,
573 3776 641 3840 haec
654 3776 748 3841 lectio
759 3783 859 3853 extat,
872 3776 933 3840 hoc
947 3780 1065 3853 monet,
1079 3784 1098 3812 “
1112 3775 1252 3861 (Prima)
1265 3774 1363 3840 editio
1374 3775 1458 3839 Rhe·

413 3870 433 3898 “
448 3863 532 3940 nani,
556 3862 901 3948 sequiturdmctotalem
921 3862 975 3926 alii
996 3862 1139 3926 miseruut
1159 3861 1360 3938 Amatotebm,
1387 3863 1458 3926 dua-

413 3960 433 3982 “
449 3955 603 4028 βοητικῶς.
642 3948 729 4013 Nihil
751 3948 872 4014 muto.”
919 3947 1042 4013 Verum
1067 3955 1176 4012 tamen
1200 3948 1287 4012 istud
1315 3949 1458 4012 miseram

412 4035 612 4112 Arebtotelom
630 4036 713 4119 quod
729 4035 858 4101 exhibet
873 4035 949 4099 edit.
963 4034 1066 4098 Paris.
1078 4055 1162 4098 anno
1179 4036 1260 4119 1566
1269 4055 1394 4110 excusa,
1410 4055 1458 4098 re·

412 4120 1278 4293 tutdt‘thdttinttuttt‘lhh'tt
1301 4118 1458 4185 auum

458 4291 537 4356 lbid.
553 4293 574 4356 l.
584 4257 605 4358 h
607 4315 639 4378 5.
655 4295 688 4358 in
703 4232 892 4379 conjectirris
907 4294 1033 4370 duram]
1057 4295 1110 4357 Au
1129 4293 1190 4357 hoo
1205 4292 1230 4357 si
1276 4291 1410 4369 beatur,
1425 4291 1458 4354 in

412 4379 568 4463 probabili
600 4381 876 4464 argtmteutatione
899 4379 1053 4444 nodosam
1079 4401 1117 4443 ae
1141 4378 1235 4442 diffioi
1248 4380 1317 4442 emt
1356 4377 1459 4442 luoisa

413 4485 472 4551 ego
487 4463 571 4529 inter
585 4465 653 4530 haec
668 4467 797 4530 mutavi.
