<?xml version="1.0" encoding="UTF-8"?>
<!DOCTYPE html PUBLIC "-//W3C//DTD XHTML 1.0 Transitional//EN"
    "http://www.w3.org/TR/xhtml1/DTD/xhtml1-transitional.dtd">
<html xmlns="http://www.w3.org/1999/xhtml" xml:lang="en" lang="en">
 <head>
  <title>
</title>
<meta http-equiv="Content-Type" content="text/html;charset=utf-8" />
  <meta name='ocr-system' content='tesseract 3.04.00' />
  <meta name='ocr-capabilities' content='ocr_page ocr_carea ocr_par ocr_line ocrx_word'/>
</head>
<body>
  <div class='ocr_page' id='page_1' title='image "./scriptorumeccle00routgoog_0247.png"; bbox 0 0 3326 5200; ppageno 0'>
   <div class='ocr_carea' id='block_1_1' title="bbox 412 458 1105 524">
    <p class='ocr_par' dir='ltr' id='par_1_1' title="bbox 412 458 1105 524">
     <span class='ocr_line' id='line_1_1' title="bbox 412 458 1105 524; baseline -0.004 0"><span class='ocrx_word' id='word_1_1' title='bbox 412 461 476 524; x_wconf 68' lang='lat'>2⁶30</span> <span class='ocrx_word' id='word_1_2' title='bbox 766 458 1105 524; x_wconf 84' lang='lat' dir='ltr'>FIRMILIANUS.</span> 
     </span>
    </p>
   </div>
   <div class='ocr_carea' id='block_1_2' title="bbox 409 629 1460 2700">
    <p class='ocr_par' dir='ltr' id='par_1_2' title="bbox 409 629 1460 2700">
     <span class='ocr_line' id='line_1_2' title="bbox 412 629 1459 724; baseline -0.004 -20"><span class='ocrx_word' id='word_1_3' title='bbox 412 641 547 704; x_wconf 85' lang='lat' dir='ltr'>stanter</span> <span class='ocrx_word' id='word_1_4' title='bbox 573 633 820 704; x_wconf 89' lang='lat' dir='ltr'>contendentis</span> <span class='ocrx_word' id='word_1_5' title='bbox 848 632 1090 706; x_wconf 83' lang='lat' dir='ltr'>confirmavit:</span> <span class='ocrx_word' id='word_1_6' title='bbox 1117 638 1304 724; x_wconf 88' lang='lat' dir='ltr'>propterea</span> <span class='ocrx_word' id='word_1_7' title='bbox 1331 653 1353 700; x_wconf 84' lang='lat' dir='ltr'>u</span> <span class='ocrx_word' id='word_1_8' title='bbox 1378 629 1459 701; x_wconf 86' lang='lat' dir='ltr'>Ste-</span> 
     </span>
     <span class='ocr_line' id='line_1_3' title="bbox 410 747 1457 842; baseline 0 -22"><span class='ocrx_word' id='word_1_9' title='bbox 410 750 529 842; x_wconf 83' lang='lat' dir='ltr'>phano</span> <span class='ocrx_word' id='word_1_10' title='bbox 557 748 651 819; x_wconf 85' lang='lat' dir='ltr'>male</span> <span class='ocrx_word' id='word_1_11' title='bbox 680 748 832 830; x_wconf 88' lang='lat' dir='ltr'>habitus,</span> <span class='ocrx_word' id='word_1_12' title='bbox 861 749 921 839; x_wconf 88' lang='lat' dir='ltr'>qui</span> <span class='ocrx_word' id='word_1_13' title='bbox 951 757 1056 842; x_wconf 92' lang='lat' dir='ltr'>rupto</span> <span class='ocrx_word' id='word_1_14' title='bbox 1083 749 1179 840; x_wconf 86' lang='lat' dir='ltr'>pacis</span> <span class='ocrx_word' id='word_1_15' title='bbox 1209 747 1457 820; x_wconf 81' lang='lat' dir='ltr'>ecclesiasticas</span> 
     </span>
     <span class='ocr_line' id='line_1_4' title="bbox 412 863 1457 936; baseline 0.001 -4"><span class='ocrx_word' id='word_1_16' title='bbox 412 863 554 935; x_wconf 89' lang='lat' dir='ltr'>vinculo</span> <span class='ocrx_word' id='word_1_17' title='bbox 570 886 653 935; x_wconf 86' lang='lat' dir='ltr'>eum</span> <span class='ocrx_word' id='word_1_18' title='bbox 678 864 724 934; x_wconf 92' lang='lat' dir='ltr'>ab</span> <span class='ocrx_word' id='word_1_19' title='bbox 749 863 909 934; x_wconf 84' lang='lat' dir='ltr'>ecclesiae</span> <span class='ocrx_word' id='word_1_20' title='bbox 933 885 1007 936; x_wconf 81' lang='lat' dir='ltr'>suae</span> <span class='ocrx_word' id='word_1_21' title='bbox 1030 865 1279 935; x_wconf 90' lang='lat' dir='ltr'>communione</span> <span class='ocrx_word' id='word_1_22' title='bbox 1296 863 1457 936; x_wconf 76' lang='lat' dir='ltr'><strong>abscidit.</strong></span> 
     </span>
     <span class='ocr_line' id='line_1_5' title="bbox 412 977 1458 1074; baseline 0.003 -25"><span class='ocrx_word' id='word_1_23' title='bbox 412 979 520 1050; x_wconf 85' lang='lat' dir='ltr'>Anno</span> <span class='ocrx_word' id='word_1_24' title='bbox 547 978 630 1052; x_wconf 76' lang='lat'>265.</span> <span class='ocrx_word' id='word_1_25' title='bbox 656 979 790 1074; x_wconf 91' lang='lat' dir='ltr'>synodo</span> <span class='ocrx_word' id='word_1_26' title='bbox 813 978 1037 1050; x_wconf 83' lang='lat' dir='ltr'>orientolium</span> <span class='ocrx_word' id='word_1_27' title='bbox 1061 977 1266 1050; x_wconf 83' lang='lat' dir='ltr'>Antiochiae</span> <span class='ocrx_word' id='word_1_28' title='bbox 1292 979 1458 1052; x_wconf 84' lang='lat' dir='ltr'>adversus</span> 
     </span>
     <span class='ocr_line' id='line_1_6' title="bbox 413 1095 1460 1188; baseline 0.001 -22"><span class='ocrx_word' id='word_1_29' title='bbox 413 1095 564 1166; x_wconf 77' lang='lat' dir='ltr'>Paulum</span> <span class='ocrx_word' id='word_1_30' title='bbox 583 1095 854 1166; x_wconf 85' lang='lat' dir='ltr'>Samosatenum</span> <span class='ocrx_word' id='word_1_31' title='bbox 872 1095 1029 1186; x_wconf 89' lang='lat' dir='ltr'>ejusdem</span> <span class='ocrx_word' id='word_1_32' title='bbox 1053 1095 1150 1165; x_wconf 91' lang='lat' dir='ltr'>urbis</span> <span class='ocrx_word' id='word_1_33' title='bbox 1176 1096 1381 1188; x_wconf 90' lang='lat' dir='ltr'>episcopum</span> <span class='ocrx_word' id='word_1_34' title='bbox 1398 1095 1460 1167; x_wconf 84' lang='lat' dir='ltr'>hs·</span> 
     </span>
     <span class='ocr_line' id='line_1_7' title="bbox 412 1211 1459 1304; baseline 0.001 -24"><span class='ocrx_word' id='word_1_35' title='bbox 412 1211 498 1282; x_wconf 88' lang='lat' dir='ltr'>bitae</span> <span class='ocrx_word' id='word_1_36' title='bbox 515 1211 687 1291; x_wconf 76' lang='lat' dir='ltr'>interfuit,</span> <span class='ocrx_word' id='word_1_37' title='bbox 705 1219 742 1280; x_wconf 89' lang='lat' dir='ltr'>et</span> <span class='ocrx_word' id='word_1_38' title='bbox 760 1233 889 1303; x_wconf 86' lang='lat' dir='ltr'>magno</span> <span class='ocrx_word' id='word_1_39' title='bbox 905 1233 985 1302; x_wconf 87' lang='lat' dir='ltr'>pars</span> <span class='ocrx_word' id='word_1_40' title='bbox 1002 1218 1099 1290; x_wconf 84' lang='lat' dir='ltr'>erat;</span> <span class='ocrx_word' id='word_1_41' title='bbox 1125 1212 1162 1280; x_wconf 94' lang='lat' dir='ltr'>in</span> <span class='ocrx_word' id='word_1_42' title='bbox 1188 1233 1258 1302; x_wconf 86' lang='lat' dir='ltr'>qua</span> <span class='ocrx_word' id='word_1_43' title='bbox 1283 1211 1459 1304; x_wconf 77' lang='lat' dir='ltr'><strong>dogmatis</strong></span> 
     </span>
     <span class='ocr_line' id='line_1_8' title="bbox 411 1333 1460 1426; baseline 0.002 -22"><span class='ocrx_word' id='word_1_44' title='bbox 411 1333 562 1404; x_wconf 87' lang='lat' dir='ltr'>oPaulo</span> <span class='ocrx_word' id='word_1_45' title='bbox 588 1335 719 1404; x_wconf 87' lang='lat' dir='ltr'>invecti</span> <span class='ocrx_word' id='word_1_46' title='bbox 745 1335 941 1403; x_wconf 87' lang='lat' dir='ltr'>novitatem</span> <span class='ocrx_word' id='word_1_47' title='bbox 969 1334 1111 1426; x_wconf 89' lang='lat' dir='ltr'>quidem</span> <span class='ocrx_word' id='word_1_48' title='bbox 1138 1334 1328 1418; x_wconf 87' lang='lat' dir='ltr'>damnavit,</span> <span class='ocrx_word' id='word_1_49' title='bbox 1345 1335 1460 1406; x_wconf 92' lang='lat' dir='ltr'>homi·</span> 
     </span>
     <span class='ocr_line' id='line_1_9' title="bbox 412 1449 1459 1542; baseline 0 -21"><span class='ocrx_word' id='word_1_50' title='bbox 412 1472 494 1521; x_wconf 89' lang='lat' dir='ltr'>nem</span> <span class='ocrx_word' id='word_1_51' title='bbox 513 1472 596 1519; x_wconf 87' lang='lat' dir='ltr'>vero</span> <span class='ocrx_word' id='word_1_52' title='bbox 621 1451 736 1542; x_wconf 86' lang='lat' dir='ltr'>ipsum</span> <span class='ocrx_word' id='word_1_53' title='bbox 767 1449 981 1520; x_wconf 82' lang='lat' dir='ltr'>sententiam</span> <span class='ocrx_word' id='word_1_54' title='bbox 1007 1472 1044 1522; x_wconf 88' lang='lat' dir='ltr'>se</span> <span class='ocrx_word' id='word_1_55' title='bbox 1070 1457 1292 1520; x_wconf 85' lang='lat' dir='ltr'>mutaturum</span> <span class='ocrx_word' id='word_1_56' title='bbox 1313 1451 1459 1542; x_wconf 89' lang='lat' dir='ltr'>promit-</span> 
     </span>
     <span class='ocr_line' id='line_1_10' title="bbox 412 1563 1458 1647; baseline -0.001 -11"><span class='ocrx_word' id='word_1_57' title='bbox 412 1574 550 1637; x_wconf 79' lang='lat' dir='ltr'>tentem</span> <span class='ocrx_word' id='word_1_58' title='bbox 581 1564 747 1635; x_wconf 83' lang='lat' dir='ltr'>dumnare</span> <span class='ocrx_word' id='word_1_59' title='bbox 778 1563 926 1647; x_wconf 82' lang='lat' dir='ltr'>distulit,</span> <span class='ocrx_word' id='word_1_60' title='bbox 954 1565 1000 1635; x_wconf 85' lang='lat' dir='ltr'>ub</span> <span class='ocrx_word' id='word_1_61' title='bbox 1033 1565 1177 1638; x_wconf 87' lang='lat' dir='ltr'>homine</span> <span class='ocrx_word' id='word_1_62' title='bbox 1211 1565 1342 1637; x_wconf 89' lang='lat' dir='ltr'>nullius</span> <span class='ocrx_word' id='word_1_63' title='bbox 1375 1565 1458 1637; x_wconf 87' lang='lat' dir='ltr'>fidei</span> 
     </span>
     <span class='ocr_line' id='line_1_11' title="bbox 412 1679 1459 1776; baseline 0.001 -24"><span class='ocrx_word' id='word_1_64' title='bbox 412 1684 591 1775; x_wconf 86' lang='lat' dir='ltr'>deceptus,</span> <span class='ocrx_word' id='word_1_65' title='bbox 619 1703 831 1775; x_wconf 81' lang='lat' dir='ltr'>spemnsquc</span> <span class='ocrx_word' id='word_1_66' title='bbox 865 1681 940 1752; x_wconf 87' lang='lat' dir='ltr'>sine</span> <span class='ocrx_word' id='word_1_67' title='bbox 967 1679 1042 1750; x_wconf 92' lang='lat' dir='ltr'>ullo</span> <span class='ocrx_word' id='word_1_68' title='bbox 1069 1680 1248 1776; x_wconf 81' lang='lat' dir='ltr'>religionis</span> <span class='ocrx_word' id='word_1_69' title='bbox 1276 1681 1459 1775; x_wconf 90' lang='lat' dir='ltr'>dispendio</span> 
     </span>
     <span class='ocr_line' id='line_1_12' title="bbox 412 1793 1460 1891; baseline 0.002 -24"><span class='ocrx_word' id='word_1_70' title='bbox 412 1821 487 1869; x_wconf 88' lang='lat' dir='ltr'>rom</span> <span class='ocrx_word' id='word_1_71' title='bbox 514 1799 647 1891; x_wconf 91' lang='lat' dir='ltr'>optime</span> <span class='ocrx_word' id='word_1_72' title='bbox 670 1818 771 1890; x_wconf 89' lang='lat' dir='ltr'>posse</span> <span class='ocrx_word' id='word_1_73' title='bbox 794 1795 974 1866; x_wconf 85' lang='lat' dir='ltr'>constitui.</span> <span class='ocrx_word' id='word_1_74' title='bbox 1027 1793 1160 1889; x_wconf 89' lang='lat' dir='ltr'>Synodi</span> <span class='ocrx_word' id='word_1_75' title='bbox 1183 1798 1285 1868; x_wconf 86' lang='lat' dir='ltr'>istius</span> <span class='ocrx_word' id='word_1_76' title='bbox 1310 1797 1460 1891; x_wconf 85' lang='lat' dir='ltr'>epistola</span> 
     </span>
     <span class='ocr_line' id='line_1_13' title="bbox 412 1911 1457 2009; baseline 0.001 -25"><span class='ocrx_word' id='word_1_77' title='bbox 412 1915 578 2009; x_wconf 87' lang='lat' dir='ltr'>synodico</span> <span class='ocrx_word' id='word_1_78' title='bbox 606 1938 628 1986; x_wconf 83' lang='lat' dir='ltr'>a</span> <span class='ocrx_word' id='word_1_79' title='bbox 652 1913 822 1984; x_wconf 69' lang='lat' dir='ltr'>turriano</span> <span class='ocrx_word' id='word_1_80' title='bbox 850 1911 1006 1982; x_wconf 89' lang='lat' dir='ltr'>tenebris</span> <span class='ocrx_word' id='word_1_81' title='bbox 1032 1920 1135 1982; x_wconf 85' lang='lat' dir='ltr'>eruto</span> <span class='ocrx_word' id='word_1_82' title='bbox 1159 1920 1278 1984; x_wconf 85' lang='lat' dir='ltr'>exstat</span> <span class='ocrx_word' id='word_1_83' title='bbox 1295 1914 1357 1985; x_wconf 90' lang='lat' dir='ltr'>Gr.</span> <span class='ocrx_word' id='word_1_84' title='bbox 1378 1913 1457 1985; x_wconf 80' lang='lat' dir='ltr'>lat.</span> 
     </span>
     <span class='ocr_line' id='line_1_14' title="bbox 411 2025 1457 2101; baseline -0.001 -1"><span class='ocrx_word' id='word_1_85' title='bbox 411 2029 545 2101; x_wconf 84' lang='lat' dir='ltr'>Concil.</span> <span class='ocrx_word' id='word_1_86' title='bbox 564 2037 650 2100; x_wconf 88' lang='lat' dir='ltr'>tom.</span> <span class='ocrx_word' id='word_1_87' title='bbox 669 2027 699 2098; x_wconf 93' lang='grc' dir='ltr'>Ι.</span> <span class='ocrx_word' id='word_1_88' title='bbox 710 2027 883 2099; x_wconf 86' lang='lat' dir='ltr'>Anctuar.</span> <span class='ocrx_word' id='word_1_89' title='bbox 902 2025 1115 2098; x_wconf 89' lang='lat' dir='ltr'>Bibliothec.</span> <span class='ocrx_word' id='word_1_90' title='bbox 1136 2026 1207 2097; x_wconf 91' lang='grc' dir='ltr'>ΡΡ.</span> <span class='ocrx_word' id='word_1_91' title='bbox 1228 2027 1336 2098; x_wconf 83' lang='lat' dir='ltr'>Paris.</span> <span class='ocrx_word' id='word_1_92' title='bbox 1352 2025 1457 2099; x_wconf 79' lang='lat'>1624.</span> 
     </span>
     <span class='ocr_line' id='line_1_15' title="bbox 411 2139 1457 2238; baseline -0.002 -22"><span class='ocrx_word' id='word_1_93' title='bbox 411 2154 498 2216; x_wconf 86' lang='lat' dir='ltr'>tom.</span> <span class='ocrx_word' id='word_1_94' title='bbox 517 2145 546 2216; x_wconf 94' lang='grc' dir='ltr'>Ι.</span> <span class='ocrx_word' id='word_1_95' title='bbox 572 2167 651 2238; x_wconf 85' lang='lat' dir='ltr'>pag.</span> <span class='ocrx_word' id='word_1_96' title='bbox 676 2149 759 2216; x_wconf 74' lang='grc'><strong>302.</strong></span> <span class='ocrx_word' id='word_1_97' title='bbox 796 2142 920 2232; x_wconf 84' lang='lat' dir='ltr'>(Edita</span> <span class='ocrx_word' id='word_1_98' title='bbox 948 2141 1043 2235; x_wconf 86' lang='lat' dir='ltr'>opud</span> <span class='ocrx_word' id='word_1_99' title='bbox 1073 2139 1268 2216; x_wconf 72' lang='lat' dir='ltr'>Concilium</span> <span class='ocrx_word' id='word_1_100' title='bbox 1294 2141 1457 2218; x_wconf 77' lang='lat' dir='ltr'>Antiocl.</span> 
     </span>
     <span class='ocr_line' id='line_1_16' title="bbox 411 2257 1457 2356; baseline -0.001 -25"><span class='ocrx_word' id='word_1_101' title='bbox 411 2270 531 2332; x_wconf 79' lang='lat' dir='ltr'>contro</span> <span class='ocrx_word' id='word_1_102' title='bbox 557 2257 710 2332; x_wconf 85' lang='lat' dir='ltr'>Paulum</span> <span class='ocrx_word' id='word_1_103' title='bbox 737 2257 997 2332; x_wconf 81' lang='lat' dir='ltr'>Somosotcuum</span> <span class='ocrx_word' id='word_1_104' title='bbox 1027 2259 1065 2328; x_wconf 88' lang='lat' dir='ltr'>in</span> <span class='ocrx_word' id='word_1_105' title='bbox 1086 2258 1155 2329; x_wconf 83' lang='lat' dir='ltr'>vol.</span> <span class='ocrx_word' id='word_1_106' title='bbox 1184 2259 1235 2332; x_wconf 95' lang='grc' dir='ltr'>ΙΙ.</span> <span class='ocrx_word' id='word_1_107' title='bbox 1260 2257 1457 2356; x_wconf 68' lang='lat' dir='ltr'>Reliquiur.</span> 
     </span>
     <span class='ocr_line' id='line_1_17' title="bbox 409 2372 1458 2469; baseline -0.004 -17"><span class='ocrx_word' id='word_1_108' title='bbox 409 2375 526 2469; x_wconf 82' lang='lat' dir='ltr'>Sucr.)</span> <span class='ocrx_word' id='word_1_109' title='bbox 578 2375 671 2448; x_wconf 82' lang='lat' dir='ltr'>Cum</span> <span class='ocrx_word' id='word_1_110' title='bbox 689 2397 771 2446; x_wconf 85' lang='lat' dir='ltr'>vero</span> <span class='ocrx_word' id='word_1_111' title='bbox 788 2398 880 2447; x_wconf 89' lang='lat' dir='ltr'>anno</span> <span class='ocrx_word' id='word_1_112' title='bbox 902 2377 977 2451; x_wconf 75' lang='lat'>270</span> <span class='ocrx_word' id='word_1_113' title='bbox 997 2374 1043 2446; x_wconf 86' lang='lat' dir='ltr'>sd</span> <span class='ocrx_word' id='word_1_114' title='bbox 1068 2372 1259 2446; x_wconf 88' lang='lat' dir='ltr'>secundam</span> <span class='ocrx_word' id='word_1_115' title='bbox 1285 2377 1458 2469; x_wconf 87' lang='lat' dir='ltr'>synodum</span> 
     </span>
     <span class='ocr_line' id='line_1_18' title="bbox 411 2489 1458 2564; baseline 0.002 -2"><span class='ocrx_word' id='word_1_116' title='bbox 411 2491 675 2564; x_wconf 78' lang='lat' dir='ltr'>Antiochenam</span> <span class='ocrx_word' id='word_1_117' title='bbox 706 2492 872 2562; x_wconf 80' lang='lat' dir='ltr'>adversus</span> <span class='ocrx_word' id='word_1_118' title='bbox 899 2490 1054 2562; x_wconf 89' lang='lat' dir='ltr'>eundem</span> <span class='ocrx_word' id='word_1_119' title='bbox 1083 2489 1236 2564; x_wconf 83' lang='lat' dir='ltr'>Paulum</span> <span class='ocrx_word' id='word_1_120' title='bbox 1269 2491 1458 2564; x_wconf 82' lang='lat' dir='ltr'>collectum</span> 
     </span>
     <span class='ocr_line' id='line_1_19' title="bbox 410 2607 1457 2700; baseline -0.002 -18"><span class='ocrx_word' id='word_1_121' title='bbox 410 2611 479 2682; x_wconf 89' lang='lat' dir='ltr'>iter</span> <span class='ocrx_word' id='word_1_122' title='bbox 508 2609 650 2691; x_wconf 85' lang='lat' dir='ltr'>faceret,</span> <span class='ocrx_word' id='word_1_123' title='bbox 676 2615 714 2678; x_wconf 90' lang='lat' dir='ltr'>et</span> <span class='ocrx_word' id='word_1_124' title='bbox 737 2608 815 2700; x_wconf 85' lang='lat' dir='ltr'>jam</span> <span class='ocrx_word' id='word_1_125' title='bbox 840 2607 988 2680; x_wconf 84' lang='lat' dir='ltr'>Tarsum</span> <span class='ocrx_word' id='word_1_126' title='bbox 1013 2629 1126 2700; x_wconf 88' lang='lat' dir='ltr'>usque</span> <span class='ocrx_word' id='word_1_127' title='bbox 1151 2618 1383 2700; x_wconf 87' lang='lat' dir='ltr'>pervenerat;</span> <span class='ocrx_word' id='word_1_128' title='bbox 1407 2609 1457 2682; x_wconf 94' lang='lat' dir='ltr'>ibi</span> 
     </span>
    </p>
   </div>
   <div class='ocr_carea' id='block_1_3' title="bbox 409 2722 1459 3170">
    <p class='ocr_par' dir='ltr' id='par_1_3' title="bbox 409 2722 1459 3170">
     <span class='ocr_line' id='line_1_20' title="bbox 409 2722 1458 2820; baseline 0.001 -23"><span class='ocrx_word' id='word_1_129' title='bbox 409 2727 615 2820; x_wconf 81' lang='lat' dir='ltr'>graudaeurs</span> <span class='ocrx_word' id='word_1_130' title='bbox 632 2724 802 2796; x_wconf 88' lang='lat' dir='ltr'>decessit:</span> <span class='ocrx_word' id='word_1_131' title='bbox 820 2726 875 2795; x_wconf 91' lang='lat' dir='ltr'>uti</span> <span class='ocrx_word' id='word_1_132' title='bbox 891 2725 1015 2817; x_wconf 84' lang='lat' dir='ltr'>synodi</span> <span class='ocrx_word' id='word_1_133' title='bbox 1031 2725 1134 2797; x_wconf 87' lang='lat' dir='ltr'>istius</span> <span class='ocrx_word' id='word_1_134' title='bbox 1148 2722 1274 2796; x_wconf 84' lang='lat' dir='ltr'>Patres</span> <span class='ocrx_word' id='word_1_135' title='bbox 1289 2727 1328 2796; x_wconf 87' lang='lat' dir='ltr'>&#39;m</span> <span class='ocrx_word' id='word_1_136' title='bbox 1345 2726 1458 2798; x_wconf 90' lang='lat' dir='ltr'>literis</span> 
     </span>
     <span class='ocr_line' id='line_1_21' title="bbox 410 2838 1458 2935; baseline 0 -19"><span class='ocrx_word' id='word_1_137' title='bbox 410 2845 482 2916; x_wconf 89' lang='lat' dir='ltr'>suis</span> <span class='ocrx_word' id='word_1_138' title='bbox 515 2840 703 2935; x_wconf 85' lang='lat' dir='ltr'>encyclicis</span> <span class='ocrx_word' id='word_1_139' title='bbox 735 2838 943 2912; x_wconf 68' lang='lat' dir='ltr'>usunturb.</span> <span class='ocrx_word' id='word_1_140' title='bbox 1006 2840 1119 2912; x_wconf 75' lang='lat' dir='ltr'>Extat</span> <span class='ocrx_word' id='word_1_141' title='bbox 1152 2843 1246 2913; x_wconf 86' lang='lat' dir='ltr'>inter</span> <span class='ocrx_word' id='word_1_142' title='bbox 1280 2840 1458 2935; x_wconf 82' lang='lat' dir='ltr'>Epistolss</span> 
     </span>
     <span class='ocr_line' id='line_1_22' title="bbox 409 2955 1459 3054; baseline -0.001 -22"><span class='ocrx_word' id='word_1_143' title='bbox 409 2959 634 3054; x_wconf 77' lang='lat' dir='ltr'>cyprianicas</span> <span class='ocrx_word' id='word_1_144' title='bbox 660 2955 889 3030; x_wconf 72' lang='lat' dir='ltr'>⁰Firmitiani</span> <span class='ocrx_word' id='word_1_145' title='bbox 915 2956 963 3029; x_wconf 82' lang='lat' dir='ltr'>od</span> <span class='ocrx_word' id='word_1_146' title='bbox 989 2955 1210 3052; x_wconf 64' lang='lat' dir='ltr'>Cymaeum</span> <span class='ocrx_word' id='word_1_147' title='bbox 1236 2957 1406 3053; x_wconf 74' lang='lat' dir='ltr'>Epistola,</span> <span class='ocrx_word' id='word_1_148' title='bbox 1435 2982 1459 3031; x_wconf 89' lang='lat' dir='ltr'>a</span> 
     </span>
     <span class='ocr_line' id='line_1_23' title="bbox 410 3073 1459 3170; baseline -0.002 -20"><span class='ocrx_word' id='word_1_149' title='bbox 410 3077 596 3170; x_wconf 82' lang='lat' dir='ltr'>Cypriano,</span> <span class='ocrx_word' id='word_1_150' title='bbox 638 3075 738 3168; x_wconf 74' lang='lat' dir='ltr'>cnjus</span> <span class='ocrx_word' id='word_1_151' title='bbox 780 3073 914 3168; x_wconf 88' lang='lat' dir='ltr'>stylum</span> <span class='ocrx_word' id='word_1_152' title='bbox 956 3073 1061 3167; x_wconf 82' lang='lat' dir='ltr'>plane</span> <span class='ocrx_word' id='word_1_153' title='bbox 1103 3075 1205 3168; x_wconf 85' lang='lat' dir='ltr'>sapit,</span> <span class='ocrx_word' id='word_1_154' title='bbox 1243 3075 1381 3159; x_wconf 83' lang='lat' dir='ltr'>Latine,</span> <span class='ocrx_word' id='word_1_155' title='bbox 1415 3085 1459 3148; x_wconf 90' lang='lat' dir='ltr'>ut</span> 
     </span>
    </p>
   </div>
   <div class='ocr_carea' id='block_1_4' title="bbox 407 3190 1459 4195">
    <p class='ocr_par' dir='ltr' id='par_1_4' title="bbox 407 3190 1459 3962">
     <span class='ocr_line' id='line_1_24' title="bbox 409 3190 1459 3284; baseline 0 -20"><span class='ocrx_word' id='word_1_156' title='bbox 409 3195 559 3275; x_wconf 83' lang='lat' dir='ltr'>ridetur,</span> <span class='ocrx_word' id='word_1_157' title='bbox 577 3213 697 3275; x_wconf 83' lang='lat' dir='ltr'>versu;</span> <span class='ocrx_word' id='word_1_158' title='bbox 723 3213 792 3283; x_wconf 88' lang='lat' dir='ltr'>qua</span> <span class='ocrx_word' id='word_1_159' title='bbox 817 3190 1024 3262; x_wconf 81' lang='lat' dir='ltr'>confirmatu</span> <span class='ocrx_word' id='word_1_160' title='bbox 1046 3190 1212 3284; x_wconf 85' lang='lat' dir='ltr'>Cypriani</span> <span class='ocrx_word' id='word_1_161' title='bbox 1237 3192 1283 3263; x_wconf 93' lang='lat' dir='ltr'>de</span> <span class='ocrx_word' id='word_1_162' title='bbox 1301 3191 1459 3264; x_wconf 85' lang='lat' dir='ltr'>Haereti-</span> 
     </span>
     <span class='ocr_line' id='line_1_25' title="bbox 408 3305 1458 3401; baseline -0.002 -21"><span class='ocrx_word' id='word_1_163' title='bbox 408 3331 530 3380; x_wconf 91' lang='lat' dir='ltr'>corum</span> <span class='ocrx_word' id='word_1_164' title='bbox 559 3307 744 3401; x_wconf 77' lang='lat' dir='ltr'>Baptismo</span> <span class='ocrx_word' id='word_1_165' title='bbox 774 3306 962 3389; x_wconf 83' lang='lat' dir='ltr'>sententis,</span> <span class='ocrx_word' id='word_1_166' title='bbox 992 3305 1214 3400; x_wconf 82' lang='lat' dir='ltr'>Stephanum</span> <span class='ocrx_word' id='word_1_167' title='bbox 1248 3331 1376 3401; x_wconf 84' lang='lat' dir='ltr'>papam</span> <span class='ocrx_word' id='word_1_168' title='bbox 1409 3308 1458 3378; x_wconf 93' lang='lat' dir='ltr'>ob</span> 
     </span>
     <span class='ocr_line' id='line_1_26' title="bbox 408 3421 1457 3516; baseline 0.001 -22"><span class='ocrx_word' id='word_1_169' title='bbox 408 3424 714 3506; x_wconf 80' lang='lat' dir='ltr'>inhumanitatem,</span> <span class='ocrx_word' id='word_1_170' title='bbox 731 3423 926 3506; x_wconf 77' lang='lat' dir='ltr'>eudociam,</span> <span class='ocrx_word' id='word_1_171' title='bbox 943 3421 1178 3506; x_wconf 83' lang='lat' dir='ltr'>insolentiam,</span> <span class='ocrx_word' id='word_1_172' title='bbox 1195 3422 1334 3516; x_wconf 82' lang='lat' dir='ltr'>aliaque</span> <span class='ocrx_word' id='word_1_173' title='bbox 1350 3423 1396 3495; x_wconf 87' lang='lat' dir='ltr'>ab</span> <span class='ocrx_word' id='word_1_174' title='bbox 1412 3445 1457 3494; x_wconf 86' lang='lat' dir='ltr'>eo</span> 
     </span>
     <span class='ocr_line' id='line_1_27' title="bbox 407 3537 1456 3634; baseline 0 -24"><span class='ocrx_word' id='word_1_175' title='bbox 407 3540 568 3634; x_wconf 87' lang='lat' dir='ltr'>improbe</span> <span class='ocrx_word' id='word_1_176' title='bbox 583 3547 685 3633; x_wconf 82' lang='lat' dir='ltr'>gesta</span> <span class='ocrx_word' id='word_1_177' title='bbox 700 3538 826 3610; x_wconf 84' lang='lat' dir='ltr'>acerbe</span> <span class='ocrx_word' id='word_1_178' title='bbox 847 3537 1063 3633; x_wconf 84' lang='lat' dir='ltr'>perstringit.</span> <span class='ocrx_word' id='word_1_179' title='bbox 1116 3537 1311 3610; x_wconf 79' lang='lat' dir='ltr'>Firmiliani</span> <span class='ocrx_word' id='word_1_180' title='bbox 1338 3537 1456 3622; x_wconf 90' lang='lat' dir='ltr'>libros,</span> 
     </span>
     <span class='ocr_line' id='line_1_28' title="bbox 408 3652 1455 3748; baseline -0.002 -21"><span class='ocrx_word' id='word_1_181' title='bbox 408 3677 495 3748; x_wconf 91' lang='lat' dir='ltr'>quos</span> <span class='ocrx_word' id='word_1_182' title='bbox 521 3663 603 3748; x_wconf 87' lang='lat' dir='ltr'>post</span> <span class='ocrx_word' id='word_1_183' title='bbox 631 3675 669 3726; x_wconf 87' lang='lat' dir='ltr'>se</span> <span class='ocrx_word' id='word_1_184' title='bbox 698 3652 852 3745; x_wconf 85' lang='lat' dir='ltr'>reliquit,</span> <span class='ocrx_word' id='word_1_185' title='bbox 879 3654 967 3725; x_wconf 86' lang='lat' dir='ltr'>citat</span> <span class='ocrx_word' id='word_1_186' title='bbox 993 3653 1147 3726; x_wconf 85' lang='lat' dir='ltr'>Basilius</span> <span class='ocrx_word' id='word_1_187' title='bbox 1177 3653 1223 3725; x_wconf 91' lang='lat' dir='ltr'>de</span> <span class='ocrx_word' id='word_1_188' title='bbox 1253 3652 1389 3747; x_wconf 89' lang='lat' dir='ltr'>Spiritu</span> <span class='ocrx_word' id='word_1_189' title='bbox 1416 3653 1455 3726; x_wconf 83' lang='lat' dir='ltr'>S.</span> 
     </span>
     <span class='ocr_line' id='line_1_29' title="bbox 408 3767 1455 3865; baseline -0.004 -21"><span class='ocrx_word' id='word_1_190' title='bbox 408 3794 483 3865; x_wconf 81' lang='lat' dir='ltr'>cap.</span> <span class='ocrx_word' id='word_1_191' title='bbox 501 3772 601 3844; x_wconf 83' lang='lat' dir='ltr'>xxix.</span> <span class='ocrx_word' id='word_1_192' title='bbox 618 3793 652 3863; x_wconf 94' lang='lat' dir='ltr'>p.</span> <span class='ocrx_word' id='word_1_193' title='bbox 672 3767 755 3842; x_wconf 75' lang='grc'><strong>360.</strong></span> <span class='ocrx_word' id='word_1_194' title='bbox 773 3778 861 3862; x_wconf 89' lang='lat' dir='ltr'>quot</span> <span class='ocrx_word' id='word_1_195' title='bbox 878 3792 972 3854; x_wconf 76' lang='lat' dir='ltr'>vero,</span> <span class='ocrx_word' id='word_1_196' title='bbox 990 3769 1046 3841; x_wconf 88' lang='lat' dir='ltr'>vel</span> <span class='ocrx_word' id='word_1_197' title='bbox 1071 3770 1215 3863; x_wconf 86' lang='lat' dir='ltr'>quinam</span> <span class='ocrx_word' id='word_1_198' title='bbox 1233 3768 1366 3840; x_wconf 80' lang='lat' dir='ltr'>fuerint</span> <span class='ocrx_word' id='word_1_199' title='bbox 1382 3792 1455 3841; x_wconf 90' lang='lat' dir='ltr'>non</span> 
     </span>
     <span class='ocr_line' id='line_1_30' title="bbox 408 3885 526 3962; baseline -0.025 0"><span class='ocrx_word' id='word_1_200' title='bbox 408 3885 526 3962; x_wconf 67' lang='lat' dir='ltr'>dicitl.</span> 
     </span>
    </p>

    <p class='ocr_par' dir='ltr' id='par_1_5' title="bbox 448 4033 956 4116">
     <span class='ocr_line' id='line_1_31' title="bbox 448 4033 956 4116; baseline -0.002 -22"><span class='ocrx_word' id='word_1_201' title='bbox 448 4036 464 4082; x_wconf 81' lang='lat' dir='ltr'>b</span> <span class='ocrx_word' id='word_1_202' title='bbox 478 4035 538 4116; x_wconf 85' lang='lat' dir='ltr'>Ap.</span> <span class='ocrx_word' id='word_1_203' title='bbox 554 4035 664 4096; x_wconf 81' lang='lat' dir='ltr'>Enseb.</span> <span class='ocrx_word' id='word_1_204' title='bbox 680 4034 731 4093; x_wconf 90' lang='lat' dir='ltr'>lib.</span> <span class='ocrx_word' id='word_1_205' title='bbox 744 4033 818 4094; x_wconf 91' lang='lat' dir='ltr'>Vll.</span> <span class='ocrx_word' id='word_1_206' title='bbox 833 4053 895 4114; x_wconf 88' lang='lat' dir='ltr'>cap.</span> <span class='ocrx_word' id='word_1_207' title='bbox 907 4053 956 4110; x_wconf 83' lang='lat'>30.</span> 
     </span>
    </p>

    <p class='ocr_par' dir='ltr' id='par_1_6' title="bbox 447 4129 1446 4195">
     <span class='ocr_line' id='line_1_32' title="bbox 447 4129 1446 4195; baseline -0.006 0"><span class='ocrx_word' id='word_1_208' title='bbox 447 4133 563 4195; x_wconf 73' lang='lat' dir='ltr'>econf.</span> <span class='ocrx_word' id='word_1_209' title='bbox 586 4132 674 4194; x_wconf 73' lang='lat' dir='ltr'>Febr.</span> <span class='ocrx_word' id='word_1_210' title='bbox 697 4132 774 4194; x_wconf 86' lang='lat' dir='ltr'>Bibl.</span> <span class='ocrx_word' id='word_1_211' title='bbox 797 4131 875 4192; x_wconf 86' lang='lat' dir='ltr'>med.</span> <span class='ocrx_word' id='word_1_212' title='bbox 899 4143 931 4192; x_wconf 86' lang='lat' dir='ltr'>st</span> <span class='ocrx_word' id='word_1_213' title='bbox 949 4131 1040 4193; x_wconf 85' lang='lat' dir='ltr'>infim.</span> <span class='ocrx_word' id='word_1_214' title='bbox 1062 4131 1185 4192; x_wconf 83' lang='lat' dir='ltr'>Lotinit.</span> <span class='ocrx_word' id='word_1_215' title='bbox 1206 4132 1257 4194; x_wconf 92' lang='lat' dir='ltr'>lib.</span> <span class='ocrx_word' id='word_1_216' title='bbox 1272 4131 1328 4192; x_wconf 86' lang='lat' dir='ltr'>vl.</span> <span class='ocrx_word' id='word_1_217' title='bbox 1350 4130 1408 4190; x_wconf 81' lang='lat' dir='ltr'>vol.</span> <span class='ocrx_word' id='word_1_218' title='bbox 1424 4129 1446 4190; x_wconf 92' lang='lat' dir='ltr'>ii</span> 
     </span>
    </p>
   </div>
   <div class='ocr_carea' id='block_1_5' title="bbox 409 4251 1145 4408">
    <p class='ocr_par' dir='ltr' id='par_1_7' title="bbox 409 4251 1145 4408">
     <span class='ocr_line' id='line_1_33' title="bbox 409 4251 1145 4408; baseline 0.004 -22"><span class='ocrx_word' id='word_1_219' title='bbox 409 4255 437 4313; x_wconf 44' lang='lat' dir='ltr'>p·</span> <span class='ocrx_word' id='word_1_220' title='bbox 450 4251 612 4405; x_wconf 55' lang='lat' dir='ltr'>illidens</span> <span class='ocrx_word' id='word_1_221' title='bbox 626 4338 711 4388; x_wconf 81' lang='lat' dir='ltr'>notus</span> <span class='ocrx_word' id='word_1_222' title='bbox 724 4327 761 4386; x_wconf 86' lang='lat' dir='ltr'>ad</span> <span class='ocrx_word' id='word_1_223' title='bbox 777 4327 941 4388; x_wconf 81' lang='lat' dir='ltr'>Firmiliani</span> <span class='ocrx_word' id='word_1_224' title='bbox 955 4327 1145 4408; x_wconf 77' lang='lat' dir='ltr'>Epistulam.)</span> 
     </span>
    </p>
   </div>
   <div class='ocr_carea' id='block_1_6' title="bbox 0 0 1668 5200">
    <p class='ocr_par' dir='ltr' id='par_1_8' title="bbox 0 0 1668 5200">
     <span class='ocr_line' id='line_1_34' title="bbox 0 0 1668 5200; baseline 0 1"><span class='ocrx_word' id='word_1_225' title='bbox 0 0 1668 5200; x_wconf 95' lang='lat' dir='ltr'> </span> 
     </span>
    </p>
   </div>
  </div>
 </body>
</html>
