3314 5190
485 485 550 550 DE
575 483 952 550 MORTALITATE.
1182 483 1247 552 298

193 671 235 737 tu
260 679 332 732 non
359 659 439 731 Deo
465 659 596 754 gratias
619 661 704 754 agis,
730 681 801 730 non
831 657 898 728 tibi
926 657 1124 753 gratularis,
1152 655 1247 749 quod

195 779 296 850 exitu
322 775 515 848 maturiore
544 775 758 858 subtractus,
784 773 894 845 ruinis
923 782 962 844 et
991 769 1249 870 naufragiisjet

194 893 307 988 plagis
325 891 593 963 imminentibus
610 890 799 963 eximaris?

247 1007 358 1079 XIX.
382 1007 686 1078 Considerandum
712 1015 777 1090 est,
802 1005 928 1076 iratres
955 1003 1184 1088 dilectissimi,
1211 1012 1250 1073 et

170 1126 392 1208 sidentidem
427 1123 655 1218 cogitandum
686 1123 904 1194 renuntiasse
938 1145 1002 1194 nos
1036 1123 1180 1204 mundo,
1211 1129 1248 1190 et

197 1250 367 1333 tanquam
392 1239 550 1333 hospites
573 1247 611 1310 et
633 1241 836 1332 peregrinos
860 1239 919 1310 hic
944 1241 1087 1310 interim
1109 1240 1249 1332 degere.

198 1356 472 1450 Amplectamur
497 1356 592 1425 diem
617 1356 678 1448 qui
705 1357 860 1450 assignat
889 1355 1045 1450 singulos
1070 1354 1250 1426 domicilio

199 1497 274 1557 suo,
304 1473 365 1564 qui
395 1495 459 1544 nos
488 1472 592 1543 istinc
623 1481 762 1566 ereptos
790 1482 827 1543 et
862 1471 996 1565 laqueis
1026 1471 1250 1542 secularibus

200 1588 381 1660 exsolutos
397 1589 558 1683 paradiso
575 1591 731 1660 restituit
749 1598 786 1660 et
809 1612 928 1684 regno.
972 1589 1061 1674 Quis
1078 1611 1150 1659 non
1172 1611 1251 1681 per-

156 1729 284 1800 roegre
325 1707 541 1778 constitutus
578 1715 783 1800 properaret
823 1708 860 1775 in
899 1707 1050 1799 patriam
1089 1704 1250 1799 regredi?

201 1823 291 1906 Quis
314 1845 385 1892 non
411 1821 456 1891 ad
479 1843 561 1892 suos
588 1824 753 1916 navigera
783 1821 953 1892 festinans
979 1829 1127 1890 ventum
1154 1843 1252 1915 pros-

200 1959 326 2031 perum
361 1937 522 2029 cupidius
552 1947 701 2030 optaret,
732 1945 773 2006 ut
801 1935 971 2008 velociter
999 1959 1098 2007 caros
1127 1935 1251 2007 liceret

201 2053 394 2146 amplecti?
426 2051 583 2124 Patriam
600 2060 756 2125 nostram
774 2053 974 2145 paradisum
992 2061 1250 2146 computamus.

201 2179 365 2264 parentes
395 2169 610 2262 patriarchas
643 2169 773 2240 habere
805 2169 883 2261 jam
917 2169 1098 2261 coepimus.
1154 2168 1250 2252 Quid

158 2310 273 2372 15non
303 2309 530 2380 properamus
562 2297 601 2358 et
634 2289 808 2359 currimus
836 2295 877 2356 ut
911 2287 1061 2379 patriam
1095 2293 1251 2355 nostram

201 2405 332 2485 ridere,
350 2411 391 2472 ut
408 2413 572 2496 parentes
594 2403 747 2474 salutare
769 2402 967 2497 possimus?
998 2401 1155 2495 Magnus
1178 2401 1251 2473 illic

202 2542 266 2591 nos
283 2543 444 2591 carorum
467 2543 635 2591 numerus
657 2529 845 2614 expectat3
871 2527 1069 2613 parentum,
1092 2518 1252 2602 fratrum,

201 2635 355 2707 filiorum
389 2636 554 2728 frequens
583 2659 648 2706 nos
682 2645 719 2706 et
753 2636 896 2729 copiosa
927 2635 1033 2706 turba
1066 2635 1252 2718 desiderat,

196 2752 273 2844 jam
304 2752 349 2822 de
379 2775 443 2823 sua
472 2750 717 2823 incolumitate
751 2775 884 2834 secura,
914 2752 1030 2822 adbuc
1059 2752 1105 2823 de
1134 2761 1255 2824 nostra

157 2868 317 2940 rosalute
330 2867 491 2939 sollicita.
517 2867 578 2938 Ad
591 2868 718 2937 horum
731 2875 961 2960 conspectum
975 2877 1013 2938 et
1025 2867 1254 2961 complexum

203 2986 323 3054 venire
349 2992 482 3075 quanta
507 2991 544 3052 et
570 2982 639 3052 illis
664 2991 702 3052 et
727 2983 829 3054 nobis
854 2985 891 3053 in
917 3006 1105 3054 commune
1126 2981 1254 3052 laetitia

204 3099 278 3170 est!
319 3097 444 3183 Qualis
465 3098 537 3168 illic
559 3097 756 3168 coelestium
783 3121 972 3191 regnorum
993 3097 1156 3190 voluptas
1177 3099 1252 3168 sine

204 3216 332 3286 timore
357 3215 540 3296 moriendi,
567 3222 605 3284 et
635 3236 717 3283 cum
747 3216 949 3284 aeternitate
976 3212 1116 3282 vivendi
1146 3235 1254 3304 quam

205 3353 344 3401 summa
366 3339 404 3401 et
425 3339 597 3423 perpetua
618 3329 788 3401 felicitas!
816 3329 895 3401 Illic
917 3329 1156 3424 apostolorum
1179 3329 1256 3424 glo-

159 3448 317 3520 ²5riosus
352 3444 488 3528 chorus,
525 3445 598 3517 illic
633 3445 885 3540 prophetarum
923 3445 1162 3517 exultantium
1192 3471 1257 3517 nu·

205 3587 334 3645 merus,
376 3562 448 3633 illic
487 3570 684 3654 martymm
718 3560 983 3634 innumerabilis
1021 3562 1172 3656 populus
1210 3562 1257 3634 ob

206 3680 408 3750 certaminis
433 3687 471 3750 et
495 3680 665 3770 passionis
694 3681 877 3751 victoriam
906 3687 1102 3761 coronatus,
1133 3680 1258 3750 trium·

206 3793 357 3885 phantes
392 3794 554 3885 virgines,
589 3817 670 3885 quae
710 3795 1033 3888 concupiscentiam
1073 3795 1186 3865 carnis
1220 3803 1259 3866 et

208 3909 362 4001 corporis
387 3910 618 3980 continentiae
645 3911 771 3982 robore
794 3912 1021 4005 subegerunt,
1042 3913 1258 3982 remunerati

161 4047 200 4106 ³0
208 4024 460 4106 misericordes,
478 4025 539 4116 qui
557 4025 735 4098 alimentis
748 4037 785 4097 et
803 4026 1048 4120 largitionibus
1063 4051 1258 4120 pauperum

203 4140 355 4232 justitiae
395 4163 504 4234 opera
543 4141 714 4225 fecenmt,
754 4145 814 4236 qui
854 4141 1042 4214 Dominiea
1081 4152 1260 4238 praecepta

210 4266 391 4329 sementes
416 4258 462 4328 ad
490 4257 651 4330 coelestes
679 4259 861 4332 thesauros
884 4269 1025 4332 terrena
1049 4261 1260 4354 patrimonia
