3316 5198
398 462 462 528 146
748 463 1091 529 'PERTULLIANI

264 675 312 710 aa.
322 662 372 710 nv.
398 638 593 709 Dominum
611 639 702 709 tradi
719 639 925 730 oportebat;
951 640 1013 710 sed
1030 664 1081 710 occ
1097 640 1280 710 traditori:
1303 663 1349 711 ne
1366 642 1446 732 quis

398 755 506 824 ctiam
523 752 606 824 hinc
623 752 775 824 haereses
793 752 971 824 defendat.
1025 753 1063 824 Si
1082 763 1119 824 et
1137 753 1276 847 Apellis
1292 764 1445 826 stemma

397 870 657 940 retractandum
684 877 749 951 est,
767 878 841 939 tam
866 892 939 938 non
960 867 1052 964 (sor.
1071 893 1143 940 non
1163 873 1253 962 tam)
1275 879 1378 941 vetus
1405 880 1444 941 ct

396 987 480 1079 ipsc,
497 1008 603 1076 quam
631 984 793 1055 Marcion
819 986 1002 1056 institutor
1027 995 1065 1055 et
1082 986 1327 1078 praeformator
1346 988 1441 1078 ejus:

396 1102 456 1170 sed
480 1101 599 1193 lapsus
616 1101 653 1169 in
675 1100 844 1171 feminam
862 1101 1021 1170 desertor
1040 1101 1269 1170 eontinentiae
1289 1099 1443 1173 Marcio-
1451 1128 1468 1189 5

394 1217 520 1300 nensis,
546 1217 592 1287 ab
620 1215 731 1286 oculis
760 1217 969 1286 sanctissimi
998 1216 1158 1310 magistri
1184 1214 1441 1288 Alexandriam

394 1333 548 1403 secessit.
599 1330 688 1401 Inde
705 1339 785 1423 post
803 1353 912 1401 annos
938 1353 1116 1424 regressus
1132 1354 1204 1400 non
1221 1329 1357 1415 melior,
1374 1335 1440 1404 nisi

393 1455 534 1518 tantum
558 1445 724 1540 quiajam
745 1469 816 1516 non
844 1445 1085 1530 Marcionites,
1103 1448 1140 1515 in
1165 1446 1313 1517 alteram
1339 1449 1441 1519 femi-

392 1586 474 1633 nam
509 1565 666 1657 impegit,
705 1563 803 1633 illam
839 1563 1011 1656 virginem
1046 1562 1283 1634 Philumenen
1318 1563 1439 1655 (quam

391 1701 496 1772 supra
512 1679 702 1773 edidimus)
718 1686 843 1771 postea
867 1701 949 1748 vero
967 1680 1123 1748 immane
1139 1678 1384 1772 prostibulum,
1401 1687 1488 1750 etro

389 1796 501 1888 ipsam
532 1797 631 1888 eujus
660 1802 887 1888 energemate
917 1795 1189 1876 circumventus,
1214 1817 1300 1887 quas
1325 1796 1371 1866 ab
1396 1819 1439 1867 ea

389 1911 523 1994 didicit,
562 1910 792 1981 Phaneroseis
835 1911 982 2003 scripsit.
1063 1909 1195 1981 Adhuc
1237 1912 1274 1980 in
1317 1911 1437 1983 seculo

388 2035 576 2118 supersunt
610 2028 670 2118 qui
712 2027 940 2097 meminerint
982 2049 1115 2109 eorum,
1154 2027 1263 2098 etiam
1305 2027 1435 2120 proprii
1557 2041 1558 2044 ’

388 2143 563 2213 discentes
588 2150 626 2212 et
647 2163 863 2212 successores
889 2144 1055 2234 ipsorum,
1084 2165 1129 2212 ne
1157 2165 1195 2212 se
1225 2144 1435 2234 posteriores

254 2267 352 2317 evii·
388 2279 518 2351 negare
542 2257 687 2350 possint.
739 2256 963 2360 Quamquam
984 2258 1084 2328 etde
1107 2258 1271 2352 operibus
1294 2259 1375 2342 suis,
1393 2268 1435 2329 ut
1448 2291 1459 2330 r
1465 2288 1482 2348 5

392 2373 485 2442 dixit
527 2371 711 2453 Dominus,
745 2373 982 2442 revincuntur.
1050 2371 1089 2443 Si
1132 2375 1227 2444 enim
1272 2373 1434 2444 Marcion

385 2511 517 2558 novum
546 2488 814 2558 Testamentum
844 2509 866 2556 a
895 2496 1015 2558 vetere
1049 2491 1233 2580 separavit,
1262 2491 1435 2582 posterior

384 2613 440 2676 est
468 2627 521 2688 eo,
552 2605 646 2696 quod
674 2606 871 2696 separavit3
905 2606 989 2696 quia
1016 2627 1177 2697 separare
1204 2629 1276 2677 non
1304 2615 1432 2700 posset,

383 2723 449 2792 nisi
476 2722 570 2813 quod
601 2721 743 2790 unitum
772 2721 852 2790 fuit.
911 2717 1064 2790 Unitum
1094 2744 1178 2814 ergo
1208 2729 1292 2792 ante
1326 2744 1432 2814 quam

382 2847 611 2930 separaretur,
632 2843 756 2928 postea
781 2844 991 2929 separatum,
1018 2839 1249 2930 posteriorem
1275 2839 1431 2909 ostendit
1444 2867 1482 2908 20

381 2962 629 3046 separatorem.
681 2952 775 3022 Item
802 2951 1028 3034 Valentinus,
1056 2953 1161 3023 aliter
1183 2976 1363 3046 exponens
1393 2962 1432 3036 et

381 3069 457 3137 sine
474 3067 581 3137 dubio
599 3066 801 3147 emendans,
817 3063 886 3135 hoc
911 3065 1055 3134 nomine
1077 3066 1246 3157 quioquid
1264 3067 1431 3138 emendat

381 3191 423 3253 ut
439 3184 648 3254 mendosum
665 3189 770 3264 retro,
788 3182 944 3252 anterius
960 3180 1069 3250 fuisse
1086 3182 1315 3252 demonstrat.
1351 3181 1430 3254 Hos

381 3304 422 3364 ut
455 3296 662 3389 insigniores
696 3303 734 3365 et
767 3294 1022 3385 frequentiores
1056 3291 1234 3362 adulteros
1267 3293 1430 3365 veritatis

380 3411 613 3480 nominamus.
665 3407 833 3479 Ceterum
864 3416 902 3478 et
929 3406 1096 3500 Nigidius
1126 3407 1245 3478 nescio
1275 3409 1363 3498 quis,
1391 3417 1477 3507 et25

381 3528 636 3622 Hermogenes,
654 3533 692 3597 et
716 3525 822 3596 multi
849 3523 919 3606 alii,
941 3523 1057 3594 adhuc
1082 3523 1266 3595 ambulant
1290 3547 1429 3616 perver-

379 3652 497 3714 tentes
514 3644 587 3714 vias
606 3641 697 3726 Dei3
721 3641 826 3732 cupio
844 3640 1033 3710 ostendant
1049 3639 1137 3709 mihi
1156 3661 1202 3708 ex
1219 3662 1290 3730 qua
1306 3649 1428 3712 aucto-

378 3762 484 3831 ritate
509 3759 724 3853 prodierunt.
751 3843 754 3850 .
776 3755 815 3826 Si
841 3756 950 3826 alium
973 3755 1092 3826 Deum
1117 3757 1323 3848 praedicant,
1342 3780 1429 3849 quo-

376 3879 484 3948 modo
501 3877 577 3968 ejus
591 3873 659 3944 Dei
677 3873 791 3955 rebus,
805 3880 843 3942 et
856 3871 994 3955 litteris,
1007 3880 1043 3942 et
1056 3872 1258 3944 nominibus
1276 3882 1428 3944 utuntur

377 3994 543 4064 adversus
576 4012 683 4084 quem
717 3987 936 4081 praedicant?
971 3989 1001 4058 si
1036 3987 1213 4070 eumdem,
1248 3991 1477 4084 quomodo3o

377 4108 509 4180 aliteri
549 4105 707 4176 Probent
740 4126 778 4174 se
811 4125 921 4174 novos
955 4103 1133 4196 apostolos
1167 4126 1270 4175 esse:
1307 4105 1427 4176 dicant

377 4223 558 4295 Christum
575 4223 705 4293 iterum
722 4221 956 4303 descendisse,
972 4221 1103 4291 iterum
1121 4221 1238 4313 ipsum
1256 4220 1426 4303 docuisse,

377 4341 505 4410 iterum
523 4337 742 4418 crucifixum,
759 4338 890 4408 iterum
915 4344 1106 4420 mortuum,
1124 4337 1254 4408 iterum
1280 4337 1428 4410 resusci-
