3314 5190
324 403 376 466 IN
393 404 425 467 S.
443 403 581 466 CYPR.
598 403 662 466 DE
681 403 873 468 IDOLOR.
891 403 1154 467 VANITATE.
1199 404 1264 468 835

216 573 368 659 principis
389 594 443 637 nac
467 573 515 636 lu‘c
537 583 570 637 tu
591 573 742 638 revocari.
790 573 830 636 ln
855 573 952 638 MSto
976 595 1101 659 quoque
1123 573 1264 638 Tenete

215 681 296 725 rano
311 681 406 744 super
421 681 529 723 vocem
542 659 595 723 doc
609 659 720 724 eadem
735 681 831 723 manu
845 659 894 724 lic
908 667 945 724 ut
960 659 1055 724 lectio
1070 659 1196 725 varians
1210 682 1264 744 po-

216 745 280 810 sita
294 753 353 809 est.
1075 749 1079 756 ’

262 831 346 895 Ibid.
373 830 394 895 l.
418 850 466 914 29.
505 851 598 894 sensu
628 832 732 916 major
757 832 820 916 est]
853 831 1062 897 Scribendmn
1090 851 1177 894 censa
1206 851 1265 915 pro

215 939 302 980 scaea
327 917 507 1001 conjecerat
530 916 644 1001 aliquis
669 917 756 1002 apud
783 918 951 982 Marshalli
977 915 1265 1001 Interpretctioaem

220 1004 277 1087 Op.
301 1004 333 1066 S.
360 1002 512 1087 Cypriaci
531 1003 704 1086 Aoplicam.
758 1003 834 1066 Dixi
856 1004 940 1081 olim,
967 1024 1059 1067 voces
1081 1001 1161 1066 istas
1182 1002 1266 1065 inter

218 1109 252 1150 se
273 1109 357 1172 saepo
380 1086 548 1160 conlundi3
573 1095 606 1152 et
621 1093 739 1152 casnm
753 1110 862 1152 vocem
877 1089 1099 1175 Cyprianicam
1120 1109 1190 1152 esse
1211 1109 1264 1172 ag·
1288 1119 1291 1126 ·

218 1173 301 1236 novi.
354 1172 576 1237 Veruntamen
598 1174 641 1237 nil
664 1175 852 1239 mutandum
882 1197 950 1239 esse
981 1174 1142 1239 Lactantii
1168 1173 1266 1237 verba

219 1258 393 1323 ostendunt
415 1259 448 1321 in
472 1259 613 1344 Epitomc
642 1260 717 1324 Dic.
746 1260 852 1324 Irntit.
876 1283 943 1346 cap.
967 1279 995 1324 2.
1055 1261 1142 1324 Unus
1170 1259 1266 1344 ἱρέων

218 1345 303 1409 Deae
328 1355 498 1429 m-qccra
521 1367 573 1408 aec
593 1345 753 1410 aestimare
774 1368 868 1410 sensu
890 1346 990 1410 cahat
1011 1346 1145 1410 lancea
1173 1367 1263 1417 awos,

217 1430 374 1515 accequai
389 1431 495 1515 linquo
509 1431 655 1494 termolis.
679 1431 845 1496 Sublimior
858 1435 937 1496 arim
947 1455 985 1496 ac
998 1433 1097 1515 major
1111 1441 1161 1504 cst,
1173 1452 1265 1516 qaam

218 1526 252 1580 at
260 1518 357 1602 possit
371 1526 426 1580 cat
440 1517 616 1600 copitctionc
628 1517 757 1582 micas
770 1528 826 1582 cat
839 1540 970 1582 semare
984 1517 1202 1603 cornpredendi.

263 1601 346 1665 Ibid.
356 1601 377 1666 l.
391 1621 444 1686 33.
460 1609 493 1666 et
508 1625 580 1666 oum
595 1603 691 1667 homo
702 1603 798 1668 latius
815 1604 897 1688 (for.
913 1604 1028 1686 laxius)
1039 1600 1184 1684 maneat]
1202 1601 1265 1664 Mi-

218 1687 328 1751 nucius
343 1711 412 1787 cap.
429 1687 526 1752 xxxii.
544 1690 575 1770 §.
593 1709 619 1751 1.
641 1709 733 1773 queml
747 1689 830 1752 dcnw
845 1689 946 1753 haias
960 1711 1108 1753 moneam.
1154 1687 1205 1751 Sic
1220 1687 1264 1749 ibi

218 1795 290 1838 cum
306 1773 419 1837 Fulvio
435 1773 556 1838 Ursino
570 1773 790 1859 expressimus,
808 1775 883 1859 quia
896 1775 1015 1853 Cicero,
1031 1795 1125 1860 quem
1146 1771 1264 1836 imitari

218 1859 299 1923 solet
323 1859 492 1932 Minucius,
508 1858 644 1923 debitore
665 1859 734 1923 lonc
755 1883 814 1945 pro
836 1861 930 1924 domo
951 1882 1010 1925 sua
1024 1879 1155 1944 cap.44.
1172 1858 1263 1922 dixit.

218 1945 351 2008 Codices
372 1967 447 2008 vero
462 1967 571 2009 omnes
585 1945 745 2030 Cypriani,
761 1945 787 2009 si
810 1946 1011 2031 transcripsit
1034 1945 1182 2020 Felicem,
1198 1967 1264 2029 prae

218 2052 252 2094 se
267 2031 361 2094 hstias
381 2030 497 2108 lerunt,
514 2037 551 2095 ut
571 2031 718 2096 dubitare
736 2031 882 2117 incipiam
900 2053 942 2096 an
962 2053 1019 2095 nec
1041 2031 1129 2115 prior
1143 2029 1204 2105 ille,
1221 2029 1265 2092 lc·

218 2118 288 2194 tius,
304 2125 342 2181 ut
357 2117 489 2181 Sabaeus
508 2125 542 2181 et
558 2117 613 2180 Fr.
625 2116 800 2182 Balduinus
820 2117 938 2204 legunt,
954 2115 1125 2202 scripserit.
1149 2116 1266 2181 Cema-

219 2224 295 2278 mcs,
322 2202 474 2267 afferente
499 2203 668 2267 Lindnero.
713 2203 853 2289 Utrique
876 2203 999 2268 auctori
1021 2202 1265 2268 adscribendum

218 2287 320 2352 hcine
337 2288 494 2365 existimo,
511 2289 595 2375 quod
617 2289 649 2352 in
667 2289 760 2354 lolius
776 2291 825 2354 vel
841 2290 946 2366 locius,
962 2290 1022 2354 hoc
1042 2289 1126 2354 enim
1145 2289 1265 2352 habent

220 2374 319 2450 MSti,
336 2374 427 2438 lacile
442 2375 612 2439 transibat.
638 2375 855 2459 Jcmflacissc,
871 2383 1002 2462 questus
1017 2382 1066 2440 est
1081 2374 1167 2459 apud
1183 2374 1264 2459 Imp.

219 2459 453 2524 Diocletianum
468 2461 623 2538 Galerius,
638 2483 733 2526 ancos
743 2461 921 2547 qaindecim,
937 2464 971 2526 ia
985 2463 1010 2526 Ι
1009 2462 1149 2546 llyrtetaa
1164 2460 1211 2523 ccl
1223 2459 1268 2522 cd

217 2546 321 2630 rapam
335 2544 477 2610 Danubii
495 2569 525 2610 se
546 2547 709 2631 relocatam
723 2569 790 2610 cam
810 2547 944 2632 poetae
963 2547 1103 2613 barbaris
1121 2547 1265 2610 lactabam

218 2651 285 2708 csse,
300 2653 391 2716 qaam
406 2632 466 2696 alit
480 2633 564 2696 tetra
579 2632 715 2697 laxiores
732 2643 761 2696 ct
818 2636 934 2697 ictiores
953 2644 1052 2698 terras
1070 2633 1195 2696 delicate
1209 2633 1265 2694 im-

212 2727 369 2799 perarent.
407 2717 596 2782 Lactantius
610 2720 659 2783 Dc
674 2719 774 2781 Morti
839 2720 1068 2782 Persecutorum
1083 2719 1214 2801 oap.18.

262 2801 301 2865 P.
316 2817 390 2884 374.
406 2802 426 2865 l.
443 2805 474 2866 6.
498 2803 559 2866 Dei
581 2803 768 2868 vocabulum
790 2811 895 2867 totum
917 2805 982 2890 est]
1006 2803 1179 2868 Obscurius
1201 2801 1265 2864 dic-

219 2893 298 2951 tum.
344 2887 497 2951 Fortasse
518 2910 577 2973 pro
600 2899 691 2952 totam
711 2889 946 2952 rescribendum
966 2887 1061 2950 solam
1083 2894 1142 2950 est.
1185 2888 1265 2949 Pro·

213 2972 287 3057 prio
302 2972 441 3036 vocabalo
461 2995 520 3036 aea
539 2973 672 3058 iadipm
688 2975 797 3050 Deam,
813 2973 861 3038 ait
881 2995 1006 3058 quoqne
1025 2970 1213 3035 Lactantius
1233 2971 1265 3033 in

219 3059 359 3142 Epltcmc
373 3058 423 3122 his
441 3058 545 3122 verbis
564 3079 787 3142 nauseamque
805 3080 862 3122 csse
878 3059 942 3121 sine
956 3058 1083 3134 nomiae,
1098 3057 1178 3142 qvtod
1193 3079 1265 3140 pro·

213 3145 288 3228 prio
311 3142 450 3208 vocabalo
480 3165 538 3207 cca
567 3145 703 3228 inliceret
731 3145 805 3228 qaia
833 3143 914 3207 solata
939 3144 988 3219 sit,
1013 3165 1083 3291 epp.
1101 3162 1133 3221 4.
1178 3141 1265 3206 Omi-

220 3237 331 3294 serunt
351 3252 459 3293 vocem
481 3229 604 3294 codices
625 3230 706 3294 Novi
724 3229 854 3314 (lollegii
871 3247 900 3293 2.
913 3237 946 3293 et
958 3249 988 3314 3.
1069 3227 1167 3292 abent
1181 3229 1266 3292 Deos

219 3335 283 3378 non
294 3315 358 3378 Del
368 3315 524 3380 editiones
535 3323 609 3400 post
632 3315 808 3380 Pamelium
819 3324 852 3380 et
864 3322 940 3379 ante
952 3314 1127 3392 Buluzium,
1139 3314 1192 3398 qui
1204 3314 1267 3377 Dei

220 3401 389 3465 revocavit.
419 3402 504 3465 Dera
520 3402 590 3466 MS.
607 3403 715 3486 Drury
727 3401 893 3478 recentior,
904 3402 967 3465 Dei
977 3409 1085 3464 autem
1101 3400 1264 3464 vetustior.

221 3485 333 3564 Porro,
349 3509 421 3551 cum
443 3487 476 3550 in
498 3509 589 3551 versu
610 3487 755 3571 sequenti
776 3495 853 3550 ante
872 3509 980 3551 vocem
1000 3487 1129 3568 diffissus
1149 3486 1266 3549 scriba-

220 3585 272 3634 tur
287 3573 351 3657 ipse
371 3594 429 3658 pro
446 3581 523 3636 totae
543 3573 576 3637 in
590 3573 812 3638 vetustissimis
826 3573 1027 3648 editionibus,
1043 3583 1077 3636 et
1099 3571 1132 3635 in
1154 3570 1266 3636 codici-

219 3657 279 3720 bus
294 3658 433 3757 quinque
443 3658 476 3721 in
492 3659 568 3723 edit.
580 3660 684 3725 Oxon.
700 3659 963 3736 commemoratis,
974 3657 1106 3744 aliisque
1121 3657 1267 3721 omnibus

223 3742 337 3821 MStrs‚
353 3744 467 3830 quibus
486 3743 519 3807 in
530 3744 600 3843 ’hoc
617 3744 722 3809 libello
737 3744 860 3808 edendo
876 3767 957 3843 ¹usus
975 3767 1053 3821 suni,
1069 3765 1178 3808 vocem
1193 3743 1266 3827 ipsa

221 3829 926 4000 pnlbillllltl.lil⁰llllbvdi'ollulibllgdiniduiddllis
950 3915 1054 3978 Deum
1077 3912 1268 3978 naturaliter

221 3999 404 4085 confitetur]
433 4001 514 4064 Haec
531 4022 582 4064 res
602 4001 751 4084 peculiari
771 4000 997 4064 commentario
1012 3999 1199 4064 Tertulliani
1217 4019 1267 4060 ar-

220 4092 408 4170 gumentum
422 4085 507 4162 lecit.
523 4085 681 4163 nimirum,
697 4085 736 4150 de
751 4086 949 4150 Testimonio
959 4085 1085 4150 animes.
1110 4085 1205 4148 Fam..

266 4170 350 4234 Ibid.
365 4172 387 4236 l.
403 4192 450 4251 14.
475 4173 565 4253 Quon
579 4193 653 4235 vero
668 4179 701 4235 et
716 4171 863 4236 Christus
877 4170 929 4248 sit,
947 4173 1019 4272 aa]
1046 4171 1085 4234 In
1099 4170 1212 4246 verbis,
1223 4170 1268 4232 sic

221 4265 263 4320 cst
276 4257 358 4336 ordo,
372 4258 417 4322 sic
430 4258 520 4334 ratio,
536 4257 667 4322 verbum
680 4267 722 4320 est
736 4264 812 4322 ante
826 4257 905 4322 ratio
920 4257 1029 4336 delevi,
1045 4258 1129 4343 quod
1143 4255 1268 4320 addidit

221 4341 467 4409 reclamantibus
481 4342 606 4409 caeteris
620 4341 777 4408 Boluzius.
