3316 5198
377 411 441 474 128
730 409 1072 477 'l'ERTULLIANl

374 584 611 668 seductionem,
645 583 828 657 secundum
863 584 1083 658 traditionem
1112 583 1300 669 hominum,
1334 609 1425 680 prae·

375 713 431 774 ter
452 702 710 796 providentiam
734 700 888 794 Spiritus
912 700 1045 772 Sancti.
1098 700 1230 772 Fuerat
1252 699 1423 788 Athenis;

375 829 413 890 et
437 820 543 892 istam
565 819 774 911 sapientiam
800 816 1001 902 humanam,
1027 817 1279 890 affectatricem
1306 826 1344 890 et
1372 819 1425 890 in-

375 934 637 1029 terpolatricem
663 933 831 1016 veritatis,
854 935 900 1004 de
925 934 1169 1028 congressibus
1191 945 1348 1018 noverat,
1370 937 1424 1028 ip-

375 1075 450 1124 sam
468 1074 609 1144 quoque
625 1052 662 1122 iu
682 1071 762 1122 suas
781 1049 935 1122 haereses
955 1050 1228 1144 multipartitam
1252 1053 1449 1127 vadetates

282 1176 340 1225 xvii·
374 1176 552 1239 sectamm
572 1169 725 1239 invicem
748 1168 1032 1261 repugnantium.
1084 1169 1180 1254 Quid
1202 1192 1286 1264 ergo
1307 1167 1424 1240 Athe-

375 1284 429 1354 nis
454 1291 492 1354 et
518 1282 800 1378 Hierosolymis?
836 1281 933 1366 Quid
958 1284 1148 1356 academice
1173 1293 1211 1356 et
1241 1284 1423 1357 ecclesiae?

373 1399 470 1484 Quid
496 1401 672 1472 haereticis
695 1399 986 1474 et'Christiauist
1017 1401 1153 1472 Nostra
1176 1403 1355 1472 institutio
1377 1401 1422 1472 de

374 1517 513 1611 porticu
531 1516 729 1588 Salomonis
747 1525 821 1587 est:
847 1515 963 1608 quiet
985 1515 1060 1608 ipse
1078 1515 1280 1596 tradiderat,
1299 1512 1424 1584 Domi-

260 1685 300 1700 ..
374 1656 462 1703 num
487 1633 525 1703 in
550 1631 768 1728 simplicitate
793 1630 908 1704 cordis
932 1653 1009 1702 ease
1029 1629 1271 1721 quaerendum.
1310 1628 1423 1700 Vide·
1436 1655 1470 1694 ιο

375 1750 446 1820 rint
481 1751 541 1842 qui
577 1749 749 1832 Stoicum,
784 1759 822 1820 et
856 1746 1091 1828 Platonicum,
1125 1753 1163 1817 et
1196 1745 1422 1818 dialecticum

374 1865 682 1938 Christianismum
699 1865 933 1958 protulerunt.

426 1983 542 2055 Nobis
559 1984 762 2054 curiositate
780 2005 868 2074 opus
890 2003 961 2051 non
983 1989 1038 2051 est
1058 1986 1140 2073 post
1157 1977 1339 2048 Christum
1360 1977 1423 2048 Je-

374 2123 463 2183 sum,
489 2123 556 2172 nec
580 2101 806 2192 inquisitione
831 2107 912 2191 post
939 2095 1176 2190 evangelium.
1230 2095 1322 2165 Cum
1348 2119 1423 2166 cre·

374 2217 500 2299 dimus,
524 2215 612 2285 nihil
638 2215 876 2285 desideramus
902 2213 996 2284 ultra
1018 2213 1171 2282 credere.
1223 2211 1306 2281 Hoc
1326 2213 1421 2282 enim
1434 2233 1469 2292 ¹5

373 2334 469 2426 prius
492 2332 676 2413 credimus,
694 2353 766 2400 non
789 2352 865 2399 esse
888 2329 983 2419 quod
1009 2328 1102 2398 ultra
1125 2329 1268 2398 credere
1294 2328 1423 2400 debean

373 2470 462 2520 mus.
513 2446 633 2520 Venio
658 2448 778 2537 itaque
807 2447 852 2516 ad
883 2445 985 2515 illurn
1016 2445 1217 2529 articulum,
1247 2470 1354 2539 quem
1384 2456 1422 2517 et

374 2564 485 2635 nostri
519 2563 747 2656 praetenduut
780 2561 825 2632 ad
866 2562 1057 2632 ineundam
1098 2563 1349 2646 curiositatem,
1384 2572 1422 2633 et

375 2681 535 2752 haeretici
569 2677 749 2750 inculcant
786 2677 831 2748 ad
871 2680 1129 2770 importandam
1168 2679 1420 2749 curiositatem.

241 2831 256 2863 a
297 2813 329 2860 ν’·
378 2795 558 2889 Scriptum
608 2803 673 2877 est,
725 2795 900 2886 inquiunt,
952 2792 1106 2883 Quoerite
1155 2802 1187 2865 ct
1230 2793 1470 2864 inuenietisco

376 2912 527 2997 Quando
552 2911 644 2982 hanc
670 2933 793 2982 vocem
820 2909 996 2981 Dominus
1019 2911 1148 2993 emisit,
1176 2910 1421 2994 recordemur3

374 3039 462 3122 puto
497 3029 535 3099 in
564 3028 728 3120 primitiis
757 3029 841 3121 ipsis
875 3028 1046 3099 doctrinae
1076 3049 1163 3111 suae,
1192 3050 1274 3098 cum
1304 3025 1421 3098 adhuc

373 3146 596 3217 dubitaretur
618 3144 711 3237 apud
735 3166 868 3226 omnes,
885 3167 931 3214 an
952 3143 1114 3214 Christus
1134 3153 1247 3215 esset:
1277 3151 1315 3213 et
1337 3165 1421 3213 cum

228 3291 255 3356 ,ι
279 3272 347 3322 avi·
373 3249 491 3333 adhuc
512 3283 579 3333 nec
606 3260 733 3331 Petrus
758 3259 860 3330 illum
885 3258 954 3331 Dei
981 3259 1112 3331 Filium
1134 3262 1421 3354 pronunciasset;

210 3359 243 3392 ⁸¹⁹
373 3401 457 3449 cum
491 3378 599 3448 etiam
633 3375 789 3448 Joaunes
823 3377 869 3446 de
902 3375 965 3448 illo
999 3385 1117 3448 certus
1151 3399 1227 3448 esse
1262 3376 1467 3459 desissetrs

374 3493 509 3566 Merito
539 3515 623 3587 ergo
652 3500 739 3563 tunc
768 3493 904 3563 dictum
934 3503 999 3576 est,
1031 3491 1184 3582 Quaem
1210 3501 1242 3564 et
1271 3493 1421 3566 inuenie-

372 3611 440 3682 tis:
467 3610 608 3703 quaudo
629 3610 840 3700 quaerendus
860 3609 977 3680 adhuc
998 3618 1084 3692 erat,
1102 3611 1162 3702 qui
1184 3611 1301 3681 adhuc
1322 3612 1421 3705 agni·

372 3740 431 3802 tus
447 3753 520 3800 non
536 3735 622 3810 erat,
640 3735 679 3797 et
701 3727 769 3798 hoc
792 3737 964 3820 quantum
987 3727 1032 3798 ad
1055 3726 1212 3799 Judaeos.
1256 3725 1318 3798 Ad
1341 3728 1420 3798 illos

372 3848 467 3919 enim
491 3847 646 3939 pertinet
669 3856 766 3917 totus
792 3867 908 3915 sermo
933 3844 1189 3938 suggillationis
1219 3845 1330 3926 istius,
1359 3845 1418 3936 qui

372 3964 550 4037 habebant
573 3966 635 4036 ubi
661 3970 861 4057 quaererent
886 3961 1089 4034 Christum:
1120 3958 1268 4042 Habent,
1293 3961 1418 4053 inquit,
1429 3981 1469 4040 30

232 4101 331 4149 scau.
373 4079 522 4176 Moysen
555 4091 587 4154 et
619 4080 772 4165 Heliam,
807 4081 843 4150 id
877 4089 942 4162 est,
978 4079 1113 4174 Legem
1152 4088 1189 4150 et
1224 4077 1420 4171 Prophetas

373 4197 555 4270 Christum
594 4201 845 4292 praedicantes:
893 4198 1087 4268 secundum
1122 4197 1216 4288 quod
1257 4205 1295 4266 ct
1335 4192 1418 4265 alibi

227 4355 318 4388 aaa
372 4322 515 4408 aperte;
553 4313 778 4396 Scrutamini,
817 4315 942 4405 inquit,
978 4311 1191 4409 Scripturas,
1226 4312 1264 4381 in
1298 4307 1419 4406 quibem
