3310 5224
487 496 556 560 AD
579 495 937 561 PHILIPPENSES.
1199 499 1241 560 15

190 702 255 752 τας
282 667 480 768 ε’λεήμονες,
505 667 781 775 ἐπιστρέφοντες
809 669 875 748 'rvi
901 671 1241 771 ἀποπεπλανημένα,

191 793 485 895 ἐπισκεπτόμενοι
510 794 649 880 πάντας
671 797 842 894 ἀσθενεῖς,
861 796 910 897 μὴ
929 800 1144 898 ἀμελοῦντες
1169 799 1237 904 χή-

191 957 268 1026 ρας,
293 919 317 1022 ἢ
345 923 517 1029 ὀρφανοῦ,
547 920 571 1022 ἢ
602 923 764 1024 πένητος·
796 923 896 1003 ἀλλά
924 934 1158 1030 προνοοῦντες
1187 929 1375 1006 ἀεὶΒου·ιίῑ-

138 1095 146 1104 ·
192 1060 256 1130 τοῦ
281 1058 395 1130 καλοῦ
422 1047 571 1130 ε’νοόπιον
596 1055 691 1130 Θεοῦ
715 1052 775 1130 καὶ
801 1051 1010 1153 ἀνθρώπων,
1030 1022 1290 1157 ἀπεχόμενοιη·

166 1176 315 1281 ,πόσης
343 1178 463 1280 ὀργῆς,
481 1179 810 1284 προσαυτοληφίοις,
835 1179 986 1280 κρίσεως
1003 1179 1137 1260 ἀδίκου·
1167 1215 1239 1280 μα·

193 1303 283 1408 κράν
310 1303 409 1388 ὀντες
435 1301 560 1404 πόσης
578 1303 829 1410 φιλαργυρίας·
860 1302 909 1403 μὴ
928 1306 1063 1410 ταχέως
1089 1307 1239 1387 πιοτεῦ·

193 1465 292 1516 οντες
309 1429 401 1510 κατά
418 1459 524 1514 τινος·
555 1429 607 1530 μὴ
626 1431 801 1530 ἀπότομαι
818 1433 857 1510 ἐν
874 1431 1001 1534 κρίσει·
1031 1432 1161 1517 εἰδότες
1188 1433 1243 1514 ὅτι

193 1557 324 1642 πάντες
348 1559 529 1664 ὀφειλέτω
555 1557 666 1657 ἐσμὲν
688 1559 872 1660 ἁμαρτίας.
932 1563 977 1638 Ei
1002 1561 1065 1638 οῦν
1092 1559 1243 1661 δεόμεθα

194 1695 258 1766 τοῦ
287 1686 435 1789 Κυρίου,
456 1685 515 1765 ἵνα
535 1685 620 1786 ἡμῖν
637 1688 726 1791 ἀφῇ,
745 1686 938 1791 ὀφείλομεν
959 1689 1017 1766 καὶ
1035 1687 1134 1787 ἡμεῖς
1152 1691 1239 1795 ἀφι-

152 1812 282 1893 ιοέναι.
320 1813 512 1894 Ἀπέναισι
529 1811 601 1916 γάρ
619 1819 691 1892 τιῦν
709 1820 773 1892 τοῦ
793 1813 928 1915 Κυρίου
944 1818 1003 1892 καὶ
1021 1819 1116 1895 Θεοῦ
1134 1819 1244 1914 ε’σμεν

196 1941 410 2046 ὀφθαλμῶν,
439 1943 497 2019 καὶ
525 1939 664 2024 πάντας
690 1945 746 2020 δεῖ
768 1945 998 2044 παραστῆναι
1025 1947 1077 2050 τῷ
1107 1940 1383 2043 stinatianam.

196 2075 260 2147 τοῦ
275 2073 447 2170 Χριστοῦ,
467 2070 526 2146 καὶ
543 2068 698 2147 ἕκαστον
717 2066 805 2171 ὑπὲρ
830 2070 956 2149 ἑαυτοῦ
975 2068 1088 2172 λόγον
1106 2074 1238 2150 δοῦναι.
1250 2056 1325 2157 ῖοῖί.
1333 2042 1390 2092 ⁰⁰⁵

197 2197 325 2279 Οῦτως
353 2196 416 2274 οῦν
434 2194 684 2293 δουλεῦσωμεν
701 2197 798 2303 αὐτῷ
820 2194 911 2294 μετά
929 2193 1060 2301 φόβου,
1082 2201 1141 2277 καῖ
1167 2196 1242 2278 πεί-

197 2357 267 2422 σης
295 2323 491 2421 εὐλαβείας,
518 2321 635 2408 καθὼς
664 2321 770 2405 αῦτός
797 2324 1004 2421 ἐνετείλατο,
1037 2328 1095 2404 καὶ
1120 2331 1154 2404 οῖ
1182 2329 1241 2405 εῦ-

153 2447 476 2552 ι5αγγελισόμενοι
502 2446 615 2549 1’ἡμεῖς
640 2448 852 2546 ἀπόστολοι,
871 2453 930 2528 καὶ
947 2456 979 2530 οῖ
1005 2456 1190 2559 προφῆται
1212 2461 1409 2543 uinctum.

196 2575 484 2683 προκηρύξαισες
501 2574 568 2676 τὴν
586 2576 730 2656 ἕλευσιν
746 2582 811 2655 τοῦ
834 2577 968 2681 Κυρίου
986 2579 1096 2677 ἡμῶν·
1125 2577 1242 2682 ζηλω-

197 2707 256 2784 ταὶ
280 2708 362 2806 περὶ
387 2701 430 2782 τό
460 2702 583 2801 καλὸν,
608 2700 821 2808 ἀπεχόμενοι
847 2709 920 2783 τῶν
946 2704 1163 2786 σκανδάλων
1189 2710 1247 2787 καὶ

197 2838 271 2910 τοῖν
294 2829 570 2936 φευδαδέλφων,
600 2834 658 2910 καὶ
684 2835 757 2909 τῶν
782 2831 820 2908 ἐν
851 2831 1035 2934 ὑποκρίσει
1064 2830 1247 2939 φερόντων

199 3041 267 3110 sint,
287 3041 317 3098 in
338 3041 473 3100 omnibus
494 3039 702 3108 misericordes,
745 3039 884 3106 dimittat.
900 3037 1063 3101 ddebemus
1085 3043 1172 3102 etiam
1194 3063 1248 3102 nos

199 3142 300 3180 omnes
320 3122 357 3180 ab
373 3141 469 3179 errore
491 3131 702 3188 convertentes,
745 3119 902 3179 dimittere.
944 3121 1026 3180 Ante
1060 3135 1247 3202 conspectum

199 3221 300 3260 omnes
320 3201 451 3259 infirmos
468 3201 619 3259 visitantes
630 3223 638 3268 ς
660 3201 704 3257 vi.
744 3201 821 3259 enim
833 3199 983 3258 oculorum
996 3202 1116 3260 Domini
1127 3223 1247 3273 aumns3

200 3282 272 3341 duas
281 3281 446 3361 etpupillos
455 3293 485 3340 et
494 3299 636 3359 pauperes
645 3300 703 3338 non
744 3291 775 3338 et
803 3291 911 3338 ‘omnes
934 3289 1041 3355 eportet
1064 3293 1158 3340 astare
1183 3293 1248 3341 nate

200 3362 398 3440 negligentes:
421 3362 471 3420 sed
486 3380 599 3438 semper
619 3369 703 3436 cpro-
745 3363 869 3418 tribunal
884 3362 996 3427 Christi.
1011 3373 1247 3440 etunumqnem.

200 3447 321 3500 videntes
335 3444 405 3499 bona
419 3461 513 3500 eoram
530 3440 596 3499 Deo
607 3452 638 3499 et
651 3443 703 3500 ho·
745 3460 802 3516 que
824 3461 877 3519 pro
898 3461 929 3500 se
948 3442 1090 3500 rationem
1115 3442 1247 3503 reddere.

200 3523 336 3581 minibus.
372 3522 702 3580 Abstinetevoaabom·
744 3521 793 3579 Sia
807 3541 877 3599 ergo
894 3521 1053 3580 serviamus
1074 3522 1101 3581 ei
1122 3543 1188 3581 eum
1210 3524 1248 3581 ti·

202 3603 231 3660 ni
246 3602 404 3672 iracundia,
420 3601 559 3677 ajutlicio
573 3601 701 3679 injusto:
743 3621 833 3665 more.
859 3612 890 3660 et
907 3602 987 3660 omni
1008 3602 1179 3670 reverentis,
1201 3623 1247 3662 aa·

201 3683 288 3760 longe
309 3683 345 3741 ab
359 3683 437 3740 omni
459 3682 579 3740 avaritie
600 3693 702 3740 estote.
744 3681 871 3740 cundum
880 3682 958 3759 quod
973 3681 1248 3760 evangelizaverunt

202 3763 271 3822 Non
289 3762 349 3821 cito
366 3761 553 3820 consentiatis
567 3761 704 3820 adversus
744 3762 827 3820 nubis
848 3761 970 3840 apostoli
989 3760 1120 3827 Domini,
1135 3773 1166 3820 et
1179 3783 1247 3841 pro.

201 3843 337 3920 aliquem,
363 3862 400 3900 ne
422 3841 649 3920 praevaricemini
673 3842 704 3899 in
744 3842 840 3920 phetae
861 3842 1111 3901 annunciaverunt
1138 3841 1246 3901 adven.

198 3923 327 4001 judiam
349 3922 483 3989 scientes,
502 3923 571 3998 quia
591 3920 705 3980 debito-
745 3921 1246 3995 tumDomininostriJeanhristi3

202 4024 248 4062 res
258 4023 359 4062 sumus
393 4001 493 4060 eaeati.
523 4001 555 4060 Si
570 4021 640 4079 ergo
654 4000 704 4059 de·
746 4000 874 4060 zelantes
887 4002 981 4071 bona;
1004 4002 1183 4062 abstinentes
1196 4023 1249 4063 voa

202 4103 353 4164 preeumur
406 4081 546 4151 ominum,
569 4093 603 4140 ut
623 4080 707 4139 nobis
746 4080 934 4151 secundella,
956 4092 985 4140 et
1001 4081 1080 4141 falsis
1100 4083 1248 4154 fratribus,

623 4218 665 4264 Ee
676 4215 826 4265 &aalma

235 4316 249 4346 Ι
262 4306 316 4354 l'nr.
327 4303 384 4354 τοῦς
394 4301 634 4364 ἀποτηλανημίνους
644 4305 743 4354 lunius.
854 4305 869 4346 b
880 4303 942 4366 ἡμῖν.
1048 4316 1062 4346 ⁰
1075 4305 1146 4356 Rom·
1157 4305 1200 4355 xii·
1212 4314 1250 4366 17.

202 4372 216 4412 d
230 4371 335 4420 Matri.
349 4381 385 4418 ιτ.
469 4369 560 4418 ersom.
570 4371 621 4417 xiv.
636 4383 672 4418 ιο.
691 4371 773 4418 τῦοε.
786 4385 808 4417 r.
820 4383 857 4418 ιο.
