3294 5192
399 495 464 560 408
743 492 1124 557 ANNOTATIONES

400 665 433 729 in
448 663 565 728 clerum
580 684 600 727 a
616 661 804 726 Novatiauia
817 661 946 728 admiaei
962 669 1046 728 eunt.
1077 662 1124 728 Et
1138 661 1183 726 eie
1198 660 1325 746 quidem
1340 662 1451 728 Balaa-

399 771 474 814 mon
490 756 523 814 et
538 749 681 813 Zonaras
695 747 779 812 hunc
795 768 947 812 canonem
966 748 1227 833 interpretantur.
1273 749 1358 812 Nam
1372 771 1449 813 neu·

400 843 452 900 ter
472 855 581 898 eorum
603 834 643 899 de
665 831 899 898 reconciliativa
920 833 984 898 ista
1005 853 1156 898 manuum
1180 833 1380 918 impositione
1401 833 1452 900 vel

400 919 495 985 semel
510 917 663 983 meminit.
690 917 847 982 Buranun.

447 1004 529 1068 Ibid.
545 1004 625 1070 l.12.
642 1004 782 1084 ἔνθαμὲν
793 1003 846 1067 οὖν
860 1001 984 1086 πάντες]
1003 1001 1078 1066 Vox
1093 1002 1212 1082 πάντες,
1229 1025 1326 1088 quam
1339 1025 1450 1068 omnes

400 1091 528 1176 quidem
547 1089 749 1154 collectiones
771 1089 892 1153 emoae
914 1088 1043 1166 habent,
1059 1096 1236 1174 agnoscunt
1254 1111 1330 1154 vero
1347 1111 1452 1176 neque

399 1183 523 1240 veteres
542 1175 649 1240 Latini
669 1173 872 1273 interpretes,
887 1195 945 1238 nec
960 1195 1096 1238 canones
1111 1174 1253 1252 Arabici,
1269 1175 1452 1260 importune

399 1261 473 1325 huie
501 1261 570 1326 loco
595 1260 690 1345 adjiei
716 1266 778 1324 emt
802 1260 968 1336 oernenda,
992 1259 1052 1323 nisi
1074 1259 1107 1322 in
1128 1259 1224 1340 πάντη
1245 1283 1453 1346 usquequaque

400 1353 554 1424 vertatur,
578 1367 687 1410 voeem
708 1345 742 1408 in
765 1365 886 1410 canone
910 1343 1048 1409 XVIII.
1080 1344 1304 1410 Calcedouenai
1327 1347 1451 1410 adhibi-

400 1440 477 1497 tam.
523 1431 599 1496 Sola
613 1430 763 1508 omnium,
779 1436 816 1494 ut
832 1429 906 1494 olim
921 1429 998 1494 mihi
1041 1431 1170 1504 erenaei,
1187 1437 1278 1495 vetus
1295 1431 1450 1517 interpre-

399 1516 483 1582 tatio
499 1516 617 1581 Latina
631 1516 796 1580 Oanouum
811 1515 931 1580 Nicaea.
950 1453 1071 1580 Sartlie.
1089 1523 1123 1580 et
1137 1515 1327 1581 Chalcedon.
1343 1531 1451 1602 quaee.

399 1603 553 1668 iratribus
579 1601 745 1666 Ballerinia
770 1601 804 1664 in
828 1601 1005 1686 Appuauo
1032 1601 1079 1665 ad
1105 1601 1259 1666 &leonia
1283 1603 1334 1666 M.
1349 1604 1452 1688 Opera

400 1688 537 1775 primum
559 1687 647 1752 edita
668 1693 727 1766 eat,
745 1706 854 1750 vocem
875 1685 986 1753 πάντες
1007 1687 1174 1786 agnoseit3
1200 1709 1275 1751 nam
1296 1707 1451 1753 canonem

400 1774 445 1838 sic
459 1773 585 1848 reddit;
619 1771 706 1836 Uada
725 1792 830 1850 mmm,
845 1772 908 1836 eloe
925 1773 960 1836 u'u
973 1772 1058 1848 alcu,
1074 1772 1136 1836 aloe
1154 1771 1188 1836 ἑο
1203 1771 1377 1838 σίσοῗσσνὶὀιο
1395 1775 1449 1838 iu-

399 1857 743 1942 mutuaenutuae
767 1855 907 1921 omuibus
936 1857 1187 1922 reconciliatione
1213 1858 1357 1922 eumue
1383 1881 1449 1924 ma-

399 1953 491 2010 uecut
504 1943 691 2008 eulaeum.
707 1965 738 2027 p.
749 1944 824 2027 584.
863 1942 926 2006 Sed
941 1949 975 2006 et
985 1941 1028 2014 ‚in
1042 1964 1107 2007 una
1121 1943 1161 2006 de
1181 1950 1320 2026 quatuor
1334 1945 1450 2010 horum

399 2051 556 2095 canonum
576 2027 902 2113 interpretationibus,
918 2049 998 2114 quae,
1014 2034 1052 2092 nt
1072 2049 1169 2113 supra
1183 2029 1259 2103 dixi,
1275 2029 1308 2092 in
1328 2031 1450 2096 Oodiu'e

402 2118 558 2181 Oauouuau
580 2114 696 2179 Valeria
710 2113 857 2178 Parisino
872 2113 1011 2178 editione
1025 2113 1187 2178 colloeatae
1207 2121 1292 2192 aunt,
1308 2135 1369 2179 vox
1383 2116 1449 2182 ista

398 2223 497 2266 mutue
517 2199 608 2266 nobie
630 2199 778 2278 occurrit,
804 2197 970 2285 udicaruqae
991 2209 1093 2263 cutem
1112 2221 1221 2263 omnea
1243 2200 1306 2265 eloe
1326 2201 1361 2264 lu
1383 2224 1448 2267 ece·

398 2287 486 2365 tellau,
500 2288 562 2351 eive
574 2287 608 2350 lu
622 2283 803 2363 multatibus,
819 2285 881 2370 ipsi
894 2285 950 2349 eali
963 2285 1080 2348 luceoli
1090 2285 1224 2368 fluitat

443 2372 481 2436 P.
518 2375 568 2452 76.
583 2371 604 2435 l.
616 2390 649 2450 4.
674 2369 826 2448 latuerim
844 2371 951 2455 τόπον]
977 2369 1087 2434 Vertit
1109 2369 1281 2454 Dionysius
1302 2369 1448 2455 Exiguus

391 2458 486 2544 proo'
523 2455 566 2522 tit
587 2457 616 2518 ei
637 2455 741 2530 belua,
761 2454 907 2521 videlieet
928 2454 976 2520 vel
998 2455 1214 2540 chorepiscopi
1235 2455 1269 2520 iu
1290 2456 1375 2534 vicie,
1398 2457 1447 2522 vel

397 2541 573 2628 presbyteri
588 2541 620 2604 in
636 2541 713 2603 urbe
727 2539 840 2606 locum.

802 2668 955 2735 CANON
977 2669 1042 2734 IX.

444 2770 527 2836 Ibid.
549 2771 570 2836 l.
591 2773 619 2835 8.
649 2769 859 2855 προήχθησαν]
888 2773 1021 2836 Habent
1050 2771 1191 2838 Oonessia
1218 2772 1445 2855 προσήχθησαν,

398 2860 455 2926 eed
466 2857 657 2923 adnotatum
668 2864 718 2922 eat
728 2858 770 2921 ad
781 2879 882 2942 marg.
895 2857 1098 2942 προήχθησαν,
1109 2857 1295 2942 addiditque
1306 2859 1447 2924 Hardui·

398 2967 467 3024 nua,
485 2943 631 3009 “Melius
651 2944 736 3028 apud
756 2944 916 3007 Zonaram
934 2943 1158 3027 προήχθησαν.”
1195 2942 1265 3007 lmo
1279 2966 1300 3008 a
1322 2945 1366 3008 ud
1379 2967 1447 3009 om-

398 3053 455 3096 nes
476 3031 640 3096 (lenonum
662 3029 861 3094 collectiones
882 3051 1023 3108 excusae,
1051 3037 1085 3093 et
1110 3034 1248 3115 quatuor
1317 3037 1383 3094 tem
1404 3052 1446 3095 ex

398 3125 472 3182 octo
487 3115 647 3182 codicibus
661 3114 788 3200 scriptia
804 3113 995 3178 Bodleiauie.
1040 3115 1201 3180 Oaeterum
1215 3115 1359 3180 conseras
1373 3137 1446 3180 cum

398 3203 459 3267 hoc
481 3223 600 3266 canone
622 3200 717 3265 finem
738 3199 910 3284 superioria
930 3200 1060 3266 canonia
1079 3199 1217 3280 secundi,
1236 3206 1335 3286 atque
1353 3201 1446 3272 illum

397 3287 541 3374 proxime
555 3293 746 3351 secuturum.

442 3373 524 3436 Ibid.
545 3373 565 3436 l.
584 3392 633 3436 11.
656 3373 685 3435 oi
699 3369 862 3457 ἄνθρωποι]
880 3371 1069 3450 Articulum,
1087 3372 1141 3457 qui
1154 3372 1206 3438 hic
1220 3373 1313 3438 abest
1327 3393 1348 3437 a
1362 3374 1446 3438 (lon-

397 3458 475 3522 ciliia
497 3464 594 3543 atque
615 3456 732 3523 Gelaeii
746 3457 835 3520 Acta
852 3457 981 3521 Oouciliu'
995 3458 1131 3534 Nicoeai,
1148 3479 1186 3521 ex
1203 3459 1327 3524 eaeteria
1345 3459 1444 3538 libris,

396 3543 619 3627 codicibusque
633 3541 759 3626 scriptia
773 3541 963 3623 Bodleianis,
979 3543 1041 3608 hue
1056 3542 1209 3608 revocavi.

809 3675 962 3742 OANON
983 3677 1030 3742 X.

441 3779 523 3844 Ibid.
547 3777 569 3840 l.
588 3793 637 3861 17.
663 3781 704 3862 τῷ
731 3780 832 3842 κανόνι
857 3783 898 3865 τῷ
923 3783 1172 3870 ἔκκλησιαστικῷ]
1198 3781 1269 3864 Quo
1295 3781 1444 3846 nimirum

396 3873 526 3929 cautum
546 3871 604 3941 eet,
620 3869 657 3928 ut
672 3862 776 3926 clerici
790 3863 944 3930 immunes
959 3865 1145 3931 idololatriae
1160 3875 1265 3932 eeaent
1280 3875 1353 3955 poet
1367 3867 1445 3953 bap·

396 3951 526 4016 tiemum
549 3955 705 4033 patratoe3
739 3949 793 4033 qui
816 3949 944 4034 quidem
965 3974 1083 4030 omues,
1106 3952 1133 4016 ai
1157 3953 1238 4038 lapei
1257 3953 1384 4031 fuerint,
1407 3961 1443 4020 et

396 4037 469 4102 dein
480 4035 703 4120 resipisceriut,
714 4035 756 4099 ad
767 4034 881 4102 laicam
891 4037 1143 4103 communionem
1151 4039 1314 4126 redigendi
1326 4040 1442 4104 serent.
1497 4091 1502 4101 .

801 4163 954 4232 OANON
977 4165 1041 4230 XI.

440 4265 478 4329 P.
490 4279 563 4364 372.
579 4263 600 4328 l.
614 4281 643 4346 7.
666 4265 732 4345 τρία
751 4265 802 4346 ἔτη
821 4269 854 4332 ἐν
874 4267 1072 4349 ἀκροωμένοις
1091 4267 1268 4349 ποιήσουσιν
1282 4271 1311 4368 pl
1326 4268 1443 4368 πιστοὶ]

396 4349 462 4414 Pro
483 4350 613 4449 vocibuq
633 4352 663 4414 ol
683 4353 785 4416 πιστοὶ
805 4351 926 4418 habent
947 4355 987 4421 ὡς
1007 4355 1107 4454 πιστοὶ
1129 4355 1292 4454 Beverego'u
1314 4353 1445 4438 Symdu

394 4455 471 4514 cum,
483 4433 754 4520 Uelleotroneeque
765 4459 921 4503 canonum
932 4461 953 4504 a
964 4441 1085 4506 Greeere
1096 4461 1205 4505 recena
1216 4441 1321 4520 edrtae,
1334 4439 1445 4504 suffia·
