3310 5224
424 445 468 514 64
784 449 819 512 S.
836 448 1110 518 HIPPOLYTI

424 621 600 701 δείκνυται
623 620 708 721 ἡμῖν
732 620 940 728 ουμφιόνως
964 623 1139 725 εἰρημένα.
1190 622 1256 708 Et
1286 622 1358 728 γὰρ
1381 625 1474 710 Θεός

424 744 574 856 ε’στινῷ
598 753 654 829 δεῖ
672 749 864 848 πιστεύειν,
883 751 968 829 ἀλλ’
995 749 1178 851 ἀγένητος,
1199 750 1352 852 ἀπαθὴς,
1377 752 1470 834 dod-

424 909 543 976 νατος,
564 874 683 957 πάντα
709 884 823 957 ποιεῖν
850 880 898 960 ὡς
918 876 996 982 (for.
1017 874 1065 982 δι)
1085 877 1192 976 θέλει,
1220 879 1338 964 καθὼς
1365 880 1472 978 θέλει,

423 1002 482 1084 ὅτε
500 1005 608 1085 θέλει.
667 1006 720 1086 Τί
734 1006 797 1085 οὖν
814 1001 905 1108 πρὸς
928 1009 1042 1083 ταῦτα
1066 1003 1245 1105 τολμήσει
1262 1003 1404 1108 Νόητος
1421 1006 1472 1107 μὴ

423 1137 515 1212 νοεῖν
538 1131 605 1232 τὴν
629 1129 826 1232 α’λήθειαν;
858 1128 1005 1230 Ἐπειδὴ
1032 1130 1095 1210 οὖν
1117 1131 1186 1232 ἤδη
1214 1135 1273 1211 καὶ
1291 1134 1312 1212 ὁ
1331 1130 1498 1234 Νόητος5

422 1256 694 1363 ἀνατέτραπται,
719 1259 880 1359 ἔλθωμεν
906 1260 964 1338 ἐπὶ
996 1255 1062 1357 τὴν
1089 1261 1153 1357 τῆς
1180 1260 1349 1358 ἀληθείας
1376 1259 1469 1341 ἀπό-

422 1389 543 1494 δειξιν,
556 1388 615 1468 ἵνα
632 1385 878 1487 συστήσομεν
895 1383 962 1485 τὴν
979 1383 1164 1485 ἀλήθειαν.
1193 1388 1271 1466 καθ
1291 1385 1334 1486 ἧς
1351 1394 1469 1469 παῖσαι

421 1522 595 1594 τοσαῦται
613 1513 766 1618 αἱρέσεις
783 1512 995 1616 γεγένηνται
1008 1510 1120 1613 μηδὲν
1139 1513 1329 1612 δυνάμεναι
1347 1521 1464 1598 εἰπεῖν.

477 1639 524 1722 θ.
562 1639 627 1724 Εἷς
659 1638 763 1739 θεὸς,
795 1637 837 1720 δυ
875 1641 939 1720 ούκ
979 1639 1138 1720 ἄλλοθεν
1176 1640 1469 1743 έπιγινοίσκομεν,

421 1771 585 1876 ἀδελφοὶ,
603 1765 626 1869 ἢ
644 1769 728 1876 (ἐκ)
751 1773 825 1847 τῶν
850 1767 963 1868 ἁγίων
990 1773 1155 1874 γραφῶν.
1196 1763 1274 1847 Ὃν
1292 1765 1364 1871 γὰρ
1382 1766 1518 1873 rod-10

420 1931 492 1977 που
509 1895 571 1976 εὀίν
595 1929 649 1980 τις
671 1899 838 1999 βουληθῇ
862 1890 929 1993 τὴν
950 1895 1088 2001 σοφίαν
1106 1902 1170 1974 τοῦ
1195 1900 1321 1979 αἰῶνος
1342 1893 1468 1976 τούτου

420 2025 556 2121 ἀσκεῖν,
579 2023 642 2102 ούκ
666 2022 791 2106 ἄλλως
814 2018 1005 2122 δυνήσεται
1026 2020 1154 2102 τούτου
1180 2029 1309 2127 τυχεῖν,
1332 2020 1395 2103 ε’ἂυ
1417 2022 1468 2124 μὴ

420 2149 579 2253 δόγμασι
606 2145 827 2254 φιλοσόφον
857 2147 996 2254 ἐντύχῃ,
1024 2148 1087 2228 τὸν
1116 2146 1226 2229 αὐτὸν
1258 2147 1302 2250 δὴ
1334 2149 1469 2254 τρόπον

420 2276 503 2358 ὅσοι
541 2274 748 2372 θεοσέβειαν
786 2278 912 2355 ἀσκεῖν
943 2272 1163 2376 βουλόμεθα,
1200 2277 1264 2356 ούκ
1308 2279 1468 2357 ἄλλοθεν

418 2402 630 2506 ἀσκῆσομευ
647 2403 670 2504 ἢ
689 2405 727 2483 ἐκ
745 2409 819 2484 τῶν
837 2404 972 2506 λογίων
993 2411 1057 2483 τοῦ
1076 2408 1183 2484 Θεοῦ.
1226 2399 1333 2484 Ὅσα
1350 2405 1468 2485 τοίνυν
1482 2447 1490 2487 ι
1499 2447 1517 2506 5

419 2530 668 2637 κηρύσσουσιν
687 2535 723 2609 αἱ
745 2536 835 2611 θεῖαι
860 2532 1015 2637 γραφαὶ,
1036 2530 1175 2631 ἴδωμεν,
1194 2534 1253 2611 καὶ
1272 2529 1345 2610 ὅσα
1363 2529 1465 2610 διδοί-

417 2695 584 2758 σκουσιν,
616 2661 824 2760 ε’πιγνῶμεν,
853 2659 913 2736 καὶ
944 2661 992 2742 ὡς
1025 2660 1121 2739 θέλει
1151 2657 1272 2763 πατὴρ
1303 2659 1468 2741 πιστεύε-

418 2792 517 2883 σθαι,
544 2785 809 2886 πιστεύσωμεν,
837 2788 896 2865 καὶ
927 2789 975 2871 ὡς
1008 2786 1103 2868 θέλει
1135 2785 1211 2868 υἱὸν
1243 2785 1467 2896 δοξάζεσθαι

418 2911 641 3020 δοξάσωμεν,
669 2916 727 2994 καὶ
756 2917 804 2998 ὡς
832 2911 927 2993 θέλει
959 2922 1099 3015 πνεῦμα
1130 2913 1233 3016 ἅγιον
1265 2917 1467 3018 δωρεῖσθαι,

417 3099 591 3168 uobieeunt,
602 3097 756 3175 dequibus
770 3098 846 3156 inter
858 3117 919 3154 om·
961 3117 1037 3164 mus,
1052 3118 1138 3175 quam
1153 3119 1190 3157 ex
1205 3099 1311 3158 sanctie
1329 3098 1463 3178 Scriptu-

417 3199 469 3240 που
487 3178 634 3238 convenit.
671 3178 757 3238 Unus
778 3177 855 3236 enim
875 3188 920 3236 est
961 3178 1009 3236 ris.
1052 3178 1305 3250 Quemadmodum
1334 3179 1411 3237 enim
1438 3180 1461 3238 si

418 3260 510 3330 Deus,
525 3259 572 3319 cui
592 3257 709 3318 medere
726 3268 854 3338 oportet,
869 3257 920 3316 sed
962 3259 1027 3336 quis
1055 3257 1144 3318 vellet
1172 3259 1343 3338 sapientiam
1377 3259 1464 3336 hujus

417 3340 574 3419 ingenitus,
597 3337 775 3419 impetibilis,
802 3338 920 3396 immor·
961 3339 1059 3398 saeculi
1078 3359 1223 3410 exercere,
1238 3359 1297 3397 uon
1311 3339 1396 3398 aliter
1409 3339 1464 3398 hoc

416 3413 493 3492 telis,
508 3421 559 3498 qui
573 3419 671 3478 omniu
684 3419 755 3478 fucit
768 3437 833 3497 quoe
844 3417 918 3487 vult,
960 3419 1096 3497 consequi
1120 3420 1239 3498 poterit,
1257 3419 1313 3480 nisi
1329 3420 1464 3498 dogmate

415 3500 492 3560 sicut
501 3498 574 3566 vult.
586 3497 741 3577 etquundo
752 3497 826 3556 vult.
837 3497 919 3570 Quid
959 3498 1198 3579 philosophorum
1217 3499 1314 3578 legat:
1340 3500 1381 3560 uic
1398 3500 1462 3578 qui-

416 3580 506 3658 igitur
530 3580 568 3639 ed
591 3581 652 3640 haec
679 3579 799 3638 audebit
823 3577 918 3638 dicere
960 3599 1084 3659 cumque
1109 3579 1244 3640 volumus
1268 3581 1407 3661 pietatem
1432 3581 1462 3639 in

415 3660 544 3728 Noetus,
569 3681 628 3720 non
652 3657 820 3738 intelligens
844 3659 919 3717 veri.
961 3660 1057 3720 Deum
1086 3680 1230 3730 exercere,
1259 3680 1320 3720 non
1345 3659 1463 3719 aliunde

415 3745 528 3801 tutem?
559 3738 804 3818 Quandoquidem
827 3739 919 3816 igitur
959 3739 1113 3810 discemus,
1135 3761 1222 3819 quum
1243 3761 1279 3800 ex
1302 3741 1463 3820 scripturis

414 3822 556 3882 hactenus
594 3821 712 3880 Noetue
749 3820 919 3879 confutatus
959 3820 1074 3880 divinis.
1098 3821 1370 3900 Quaecunqneergo
1380 3841 1462 3880 sunc-

414 3912 468 3974 σοι,
483 3900 681 3962 τοαὶααιοοοδ
695 3900 918 3959 demonstratio·
958 3910 996 3959 tae
1025 3901 1183 3982 Scripturae
1211 3901 1379 3982 predicant,
1407 3902 1461 3960 eci-

314 3997 327 4006 ·
414 4001 480 4042 nem
496 3983 645 4054 veritatie;
666 3991 701 4040 ut
715 3979 916 4040 confirmemus
958 4001 1059 4052 cmue;
1088 3992 1118 4040 et
1141 4001 1321 4060 quecunque
1346 3981 1461 4050 docent,

413 4062 577 4134 verinum,
596 4072 803 4141 contraquam
822 4069 868 4120 tot
887 4069 917 4120 et
958 4080 1179 4140 cognoscemus:
1195 4073 1227 4122 et
1240 4065 1315 4124 sicut
1329 4063 1394 4124 vult
1405 4061 1463 4120 Pe.

414 4153 503 4202 unte
525 4143 647 4202 herecee
665 4153 737 4201 ortae
759 4151 837 4210 sunt,
851 4161 917 4219 quoe
958 4152 1002 4200 ter
1018 4141 1106 4212 credi,
1119 4143 1161 4202 sic
1171 4141 1322 4202 credemus
1332 4166 1341 4213 3
1364 4153 1395 4202 et
1405 4143 1460 4202 eic-

414 4221 488 4280 nihil
501 4221 597 4280 dicere
610 4232 780 4300 potuerunt.
958 4232 993 4281 ut
1016 4222 1080 4281 vult
1100 4223 1209 4282 Filium
1232 4223 1399 4302 glorificari,
1420 4223 1462 4282 eie

455 4301 513 4359 IX.
538 4301 623 4359 Unus
648 4301 731 4360 Deue
754 4311 808 4368 eet,
829 4322 916 4380 quem
957 4301 1171 4381 glorificemus;
1193 4313 1223 4362 et
1238 4304 1313 4362 sicut
1333 4302 1394 4362 vult
1408 4301 1460 4361 do·

414 4401 473 4441 non
499 4377 626 4448 aliunde,
646 4380 761 4448 fratres,
786 4385 916 4458 cgtiocci.
957 4383 1020 4442 nuri
1035 4382 1179 4462 Spiritum
1195 4382 1346 4452 Sanctum,
1358 4383 1399 4444 sic
1412 4403 1460 4442 ec-
