3316 5198
536 495 600 558 nn
624 493 886 561 cnxmona.
1004 445 1006 454 ¹
1174 494 1238 559 117

191 671 329 753 videris,
347 670 496 762 nupsisti
520 672 616 742 enim
639 671 791 752 Christo,
808 669 861 740 illi
884 691 1025 739 carnem
1051 676 1152 738 tuam
1169 677 1240 738 tra-

192 786 321 856 didisti.
366 784 448 880 Age
477 810 540 879 pro
566 787 683 856 mariti
713 787 767 856 tui
797 784 990 878 disciplina.
1042 782 1082 854 Si
1111 793 1240 876 nuptas

192 903 324 974 alienas
342 902 451 974 velari
470 903 585 995 jubet,
603 925 683 973 suas
708 904 832 994 utique
856 900 1115 994 multomagis.
1168 897 1240 969 Sed

194 1043 263 1091 non
280 1029 386 1112 putet
406 1021 629 1091 institutione
647 1016 739 1114 (sor.
763 1019 1038 1110 institutionem)
1056 1018 1242 1110 unusquis-

167 1159 262 1228 sque
279 1138 509 1207 antecessoris
527 1135 829 1206 commovendam.
882 1133 993 1204 Multi
1016 1133 1139 1204 alienae
1160 1157 1243 1204 con·

194 1252 374 1323 suetudini
391 1253 615 1344 prudentiam
639 1273 738 1322 suam
757 1250 848 1347 (sor.
868 1275 967 1324 suam
989 1253 1183 1345 addicunt),
1204 1263 1242 1322 et

194 1369 429 1438 constantiam
443 1370 519 1460 ejus
528 1368 698 1437 addicunt
707 1365 799 1463 (for.
813 1369 1019 1461 adducunt),
1030 1390 1076 1439 ne
1089 1366 1244 1460 compel-

195 1483 314 1555 lantur
330 1481 424 1579 (sor.
443 1483 700 1576 compellantur
717 1487 883 1579 virgines)
902 1485 1019 1556 velari.
1058 1483 1166 1554 Certe
1183 1506 1244 1553 vo·

196 1598 365 1670 luntarias
382 1599 557 1692 prohiberi
571 1623 644 1671 non
657 1609 806 1692 oportet,
820 1625 897 1694 quae
914 1624 951 1672 se
965 1602 1073 1671 etiam
1092 1601 1244 1693 virgines

151 1740 326 1811 ronegare
343 1740 415 1787 non
435 1713 590 1809 possunt,
609 1713 702 1812 (sor.
721 1739 851 1810 negare
873 1720 1049 1809 poscunt)
1067 1724 1244 1786 contente

196 1834 296 1904 abuti
313 1835 351 1903 in
368 1834 463 1904 fama
480 1830 570 1927 (sor.
589 1835 626 1903 in
643 1833 802 1926 infamia)
820 1855 891 1903 suae
911 1833 1133 1903 conscientie
1150 1834 1244 1924 apud

198 1949 317 2021 Deum
343 1950 543 2020 securitate.
594 1949 652 2020 De
678 1949 747 2020 illis
772 1957 903 2030 tamen,
929 1971 1006 2039 quae
1030 1948 1166 2040 sponsis
1193 1947 1245 2017 di-

198 2076 332 2148 eantur,
363 2074 567 2136 constanter
595 2087 701 2158 super
729 2087 850 2134 meum
880 2063 1064 2134 modulum
1091 2087 1245 2157 pronun-

199 2185 292 2253 ciare
308 2183 567 2274 contestarique
590 2205 743 2274 possum,
761 2181 927 2252 velandas
944 2205 990 2251 ex
1013 2205 1056 2252 ea
1079 2184 1137 2253 die
1158 2205 1243 2264 esse,

154 2331 162 2367 ι
172 2322 269 2390 5qua
285 2299 330 2368 ad
353 2301 507 2392 primum
529 2299 593 2368 viri
617 2321 742 2392 corpus
766 2298 887 2368 osculo
910 2307 948 2368 et
970 2297 1119 2368 dextera
1139 2321 1246 2392 expa-

200 2417 324 2485 verint.
377 2413 509 2486 Omnia
534 2417 629 2485 enim
654 2415 691 2484 in
717 2415 772 2486 bis
797 2425 1072 2507 praenupserunt,
1098 2425 1136 2485 et
1163 2425 1247 2486 aetas

200 2551 263 2622 per
279 2531 532 2612 maturitatem,
550 2538 588 2599 et
608 2551 689 2599 caro
711 2553 773 2622 per
796 2539 948 2613 aetatem,
966 2539 1004 2600 et
1026 2532 1168 2622 spiritus
1185 2553 1249 2623 per

200 2648 462 2729 conscientiam,
482 2655 519 2716 et
539 2647 654 2740 pudor
676 2669 739 2738 per
761 2646 871 2716 osculi
895 2646 1189 2744 experimentum,
1210 2654 1249 2714 et

201 2785 280 2856 spes
309 2785 373 2854 per
402 2763 698 2854 expectationem,
728 2771 766 2830 et
795 2784 896 2832 mens
925 2785 987 2854 per
1016 2762 1249 2832 voluntatem.

153 2910 192 2950 20
203 2876 367 2970 Satisque
397 2878 498 2949 nobis
528 2877 694 2970 exemplo
725 2876 889 2947 Rebecca
918 2886 984 2958 est,
1014 2901 1091 2968 quae
1121 2899 1249 2969 sponso

202 2995 454 3077 demonstrato,
472 3005 613 3066 tantum
631 2995 759 3063 notitia
781 2994 857 3086 ejus
877 2991 1044 3062 nubendo
1061 2992 1178 3062 velata
1194 3001 1249 3062 est

202 3109 309 3197 (Gen.
324 3111 421 3179 xxiv.
440 3106 525 3203 65.).

252 3224 310 3295 De
325 3249 420 3320 genu
437 3250 577 3320 quoque
593 3227 758 3318 ponendo
776 3226 983 3295 varietatem
997 3222 1250 3295 observationis
1295 3245 1377 3294 cnr.

202 3344 337 3434 patitur
365 3344 478 3413 oratio
509 3366 573 3436 per
601 3341 770 3435 pauculos
800 3343 980 3433 quosdam,
1010 3343 1070 3432 qui
1103 3341 1250 3412 sabbato
1260 3310 1388 3438 Diffi

155 3491 171 3532 2
175 3489 192 3548 5
203 3460 383 3530 abstineut
412 3460 571 3552 genibus.
625 3458 713 3542 Qua
747 3459 917 3528 dissensio
951 3479 1060 3548 quum
1094 3442 1377 3528 maxime⁹⁰¹¹⁰¹¹⁶⁰

204 3576 298 3668 apud
327 3574 492 3646 ecclesias
521 3597 679 3646 caussam
707 3575 812 3656 dicat,
844 3574 1020 3643 Dominus
1050 3572 1149 3643 dabit
1175 3595 1254 3666 gra-

206 3692 291 3760 tiam
310 3713 420 3772 suam,
438 3700 480 3760 ut
502 3699 566 3762 aut
583 3690 721 3772 cedant,
739 3699 802 3760 aut
825 3691 901 3759 sine
921 3689 1070 3759 aliorum
1089 3687 1254 3760 scandalo

205 3809 381 3878 sententia
404 3829 468 3878 sua
491 3817 648 3878 utantur.
701 3806 780 3877 Nos
807 3829 900 3888 vero,
926 3806 1018 3876 sicut
1043 3807 1253 3898 accepimus,

205 3922 281 3992 solo
311 3924 369 3994 die
405 3923 593 3993 Dominico
624 3919 717 4017 (sor.
749 3921 964 4013 Dominicae)
991 3922 1254 3992 resurrectionis

156 4063 277 4131 3oncn
303 4041 349 4110 ab
374 4041 443 4110 istc
468 4047 619 4121 tantum,
637 4039 700 4109 sed
726 4039 823 4108 omni
846 4039 1036 4108 anxietatis
1060 4036 1195 4118 habitu,
1216 4045 1254 4107 et

208 4153 322 4226 officia
339 4152 433 4249 (sor.
451 4154 580 4248 officio)
594 4177 719 4226 cavere
737 4153 916 4235 debemus,
930 4147 1132 4224 differentes
1146 4154 1254 4224 etiam

209 4271 361 4365 negotia,
387 4294 434 4342 ne
457 4295 563 4364 quem
589 4269 730 4342 diabolo
757 4269 874 4340 locum
902 4271 1035 4340 demus.
1087 4269 1257 4340 Tantum-

210 4387 291 4460 dem
314 4395 352 4458 et
374 4389 488 4480 spatio
514 4396 746 4480 pentecostes,
768 4386 1001 4478 quae‘eadem
1030 4388 1259 4458 exsvltaticnis
