3310 5224
526 477 560 539 S.
578 473 902 540 HIPPOLYTUS.
1198 476 1241 541 47

229 647 245 694 (Ι
261 649 412 710 Eusebius
427 646 484 706 vl.
502 667 549 707 as.
565 658 632 728 post
647 647 806 728 Hippolyti
823 649 860 706 sle
872 649 920 719 riv
937 645 1090 721 ἇεαήμαραυ,
1104 667 1163 706 non
1177 647 1241 727 ejus

189 746 429 809 commentarium
444 744 476 804 in
489 743 639 816 Erotium,
654 744 706 805 sed
718 747 755 805 sle
771 748 804 803 rs
817 747 883 820 μετὰ
895 745 943 816 τὴν
960 744 1101 819 ἱξαὴμαραν
1114 764 1240 804 comme·

188 855 300 916 moret:
322 842 424 903 Rufin.
438 845 468 901 is
482 845 673 902 Herodmerou
686 851 713 902 et
726 864 760 903 eo
777 863 836 920 pao
853 850 917 920 post
931 844 1123 902 Herodmeron
1136 845 1240 919 scripto

189 951 263 1003 ruet
303 941 363 1002 Sed
378 939 579 1021 Hieronymus
592 939 778 1020 peculiariter
791 941 880 1001 etiam
895 939 1001 999 deinde
1011 939 1144 999 meminit
1158 959 1236 999 com-

189 1038 326 1100 mentarii
338 1037 370 1097 in
390 1037 529 1108 Genesin,
543 1047 574 1096 et
592 1037 730 1117 quoniam
750 1037 835 1118 plura
848 1035 1050 1118 Hieronymus
1067 1037 1176 1116 scripta
1194 1055 1240 1095 re-

190 1137 334 1214 fertque
354 1153 385 1194 se
406 1133 447 1192 ait
467 1133 620 1213 reperisse,
639 1143 670 1192 et
691 1133 852 1212 dequibus
871 1133 1020 1194 Eusebius
1038 1133 1117 1202 silet,
1132 1132 1241 1193 Hiero·

191 1233 271 1313 nymi
296 1231 383 1290 tidem
407 1230 462 1289 hac
485 1231 516 1289 iu
538 1241 621 1311 parte
642 1230 797 1292 sollicitare
817 1252 876 1290 non
899 1241 945 1292 est
965 1231 1038 1290 adeo
1059 1232 1091 1290 in
1111 1241 1238 1311 promtu.

194 1329 371 1409 Fragmenta
390 1347 428 1387 ex
447 1328 673 1388 Commentariis
693 1329 725 1386 in
746 1328 952 1388 Hersemeron
968 1339 991 1389 t.
1003 1330 1046 1388 11.
1065 1330 1145 1409 Opp.
1162 1327 1240 1408 Hip-

191 1426 284 1507 polyti
303 1448 332 1507 p.
346 1445 392 1486 aa.
412 1445 473 1504 aeq.
496 1435 527 1485 et
548 1444 597 1502 33.
613 1445 673 1504 seq.
697 1425 839 1500 (Erosium
856 1427 1050 1488 substitutum
1071 1426 1163 1486 fuisse
1185 1443 1240 1505 pro

192 1525 283 1584 verbo
295 1525 421 1605 repetito
435 1525 576 1599 ἐξαὴραραν
589 1534 688 1584 censet
701 1523 737 1583 al.
744 1523 905 1584 vallarsius
918 1525 949 1583 in
959 1524 1030 1584 edit.
1041 1545 1094 1584 sua
1107 1524 1239 1604 Operum

192 1619 224 1678 S.
238 1620 420 1701 Hieronymi.
457 1620 543 1679 Nihil
553 1620 601 1680 hic
614 1619 712 1688 habet,
723 1630 799 1680 teste
808 1619 920 1689 eodem,
931 1620 1023 1681 codex
1034 1619 1236 1694 Veronensis.)

232 1720 306 1778 ‘Ele
319 1721 350 1774 rb
363 1714 443 1791 dcun
466 1718 574 1777 Eueeb.
591 1716 762 1797 Syncellus:
785 1720 823 1777 ele
834 1719 868 1774 sd
884 1717 998 1791 ᾄσματα
1033 1717 1237 1798 Nicephorus:

191 1815 228 1872 ele
240 1816 272 1870 τὸ
285 1810 357 1887 ᾆσμα
370 1821 423 1872 τῶν
435 1815 569 1887 ᾀσμάτων.
599 1813 807 1892 Fragmentum
822 1813 948 1872 mavit
962 1813 993 1872 S.
1003 1812 1177 1894 <lammina
1191 1811 1238 1870 Si-

191 1907 272 1968 nsita
284 1921 386 1989 quest.
399 1930 447 1986 41.

232 2003 245 2048 ¹
259 2005 382 2067 Hieron.
396 2010 477 2088 pref.
492 2010 523 2068 in
538 2009 721 2069 Zachariam.
760 2010 929 2085 Hippolytus
947 2025 1054 2083 quoque
1067 2007 1152 2064 edidit
1165 2025 1237 2064 cmo-

75 2191 80 2200 ·
192 2107 348 2164 murto.
381 2105 568 2186 Nicephorus
581 2105 641 2168 IV.
657 2125 705 2183 31.
720 2110 757 2166 elr
767 2109 904 2182 Ζαχαρίαν.

232 2201 375 2261 ⁸Mentio
390 2202 672 2262 Commentariorum
686 2204 718 2262 in
733 2201 865 2263 Psalmos
878 2203 909 2261 in
923 2200 1064 2261 laterculo
1077 2220 1239 2260 marmoreo

192 2296 243 2374 qui
259 2297 372 2357 Canoni
387 2299 519 2359 Paschali
535 2299 719 2380 Hippolyten
732 2300 889 2378 adjunctus
903 2298 1020 2378 legitur.
1064 2298 1239 2377 Fragmenta

193 2411 231 2452 ex
244 2393 348 2453 iisdem
362 2394 430 2454 dedi
443 2406 465 2455 t.
478 2395 503 2454 l.
519 2395 651 2475 Operum
668 2397 790 2477 Hippol.
805 2418 835 2477 p.
849 2397 915 2474 269.
930 2415 990 2474 seq.
1026 2395 1146 2470 (Itidem
1160 2395 1239 2472 apud

194 2488 393 2570 Hippolytum
405 2492 611 2552 Fabricianum
626 2503 729 2553 extant
739 2493 853 2553 notitias
869 2493 1152 2553 Commentariorum
1165 2493 1239 2571 ejus,

192 2587 244 2664 qui
257 2587 305 2647 hio
318 2589 354 2648 ab
369 2588 552 2669 Hieronymo
565 2600 773 2661 memorantur,
788 2591 820 2649 in
833 2591 963 2658 Esaiam,
979 2588 1143 2659 Danielem,
1155 2588 1239 2668 Apo·

192 2682 332 2764 calypsin,
346 2684 559 2755 Ecclesiastem,
574 2685 612 2745 de
626 2686 698 2746 Saul
712 2697 742 2746 at
757 2687 942 2767 Pythonissa,
956 2687 1028 2758 sire,
1047 2689 1084 2746 ds
1100 2689 1148 2760 nis
1161 2688 1240 2762 dryo-

193 2783 359 2856 orpiywdor.)

234 2874 251 2920 b
266 2877 325 2937 Hic
338 2877 412 2938 liber
425 2878 462 2938 de
476 2879 662 2940 Antichristo
675 2880 789 2960 integer
803 2891 899 2942 exstat
913 2883 944 2941 in
955 2881 1050 2942 lucem
1060 2880 1193 2960 prolatus
1203 2881 1240 2940 ab

193 2974 300 3054 insigni
313 2974 377 3034 viro
389 2975 568 3054 Marqnardo
583 2977 701 3036 Gudio:
724 2997 810 3056 quem
824 2989 928 3058 prester
943 2979 1084 3038 Photinus
1094 2976 1158 3037 cod.
1172 2993 1238 3036 sou.

192 3069 327 3152 legerunt
341 3082 443 3132 auctor
456 3074 575 3134 Catenae
593 3075 625 3134 in
639 3075 825 3135 Jerem.xvii.
846 3096 891 3136 rr.
905 3074 1040 3136 Andreas
1054 3072 1239 3134 Cesariensis

192 3167 230 3228 sd
244 3168 453 3250 Apocalypsin,
467 3170 585 3250 aliique,
599 3183 635 3232 ut
649 3172 687 3232 ad
700 3171 784 3232 illum
798 3173 905 3234 librum
918 3173 1035 3250 couvi.

235 3265 315 3341 *sepi
335 3267 502 3329 ἀναστάσιας
519 3273 561 3330 ml
579 3271 739 3346 ἀφθαρσίας.
768 3269 885 3330 Montio
906 3270 938 3328 in
959 3267 1101 3329 laterculo
1122 3265 1238 3346 Hippo·

192 3362 248 3443 lyti
269 3383 430 3426 marmmeo
449 3377 480 3426 et
500 3367 579 3448 apud
600 3366 789 3427 Anastasium
811 3366 950 3426 Sinaitam
972 3365 1023 3444 qui
1043 3365 1238 3444 fragmentum

192 3459 300 3521 exinde
312 3461 398 3522 affert
411 3463 442 3522 in
457 3463 584 3544 Hodego
599 3486 629 3545 p.
642 3464 711 3542 356.

234 3553 251 3599 ¹
266 3555 376 3618 Euseb.
392 3558 449 3617 VI.
466 3579 512 3620 aa.
526 3566 593 3637 spos
606 3561 753 3637 Μαρκίανα.
784 3560 970 3640 Nicephorus
984 3559 1041 3620 1v.
1056 3576 1106 3634 31.
1120 3558 1239 3632 ἆκιρῤη·

193 3655 265 3710 ruba
277 3657 344 3726 πρὸς
354 3658 492 3730 Mopsion
502 3657 639 3738 appellat.
670 3657 768 3718 Etiam
776 3677 796 3716 a
807 3645 992 3718 'l'heodorabo
1002 3656 1054 3718 h‘b.
1064 3657 1091 3717 Ι.
1102 3656 1140 3716 de
1149 3655 1240 3718 Βωκ-

193 3747 260 3809 ticis
273 3748 381 3809 fabulis
395 3750 579 3833 Hippolytus
592 3753 730 3814 landatur
743 3753 820 3814 inter
833 3753 944 3832 eosqui
953 3752 1135 3813 Marcionem
1145 3753 1242 3826 ἄριστα

193 3847 235 3901 καὶ
255 3849 400 3919 rodum
420 3848 620 3909 confutarunt.
651 3849 806 3928 Syncellns
820 3871 849 3930 p.
861 3849 930 3926 358.
948 3849 989 3908 ait
1010 3847 1158 3929 scripsisse
1174 3851 1241 3923 πρὸς

193 3942 332 4016 Μαριὶυνα
345 3943 386 3998 sul
398 3945 445 4001 scir
457 3947 552 4004 λοιπὸα
564 3948 686 4019 αἱρέσεις.

234 4036 243 4080 ¹
263 4037 410 4100 Eusebius
430 4038 576 4101 diversum
597 4062 614 4100 a
635 4041 755 4102 canone
780 4041 913 4102 Ferebali
937 4062 1012 4121 opus
1035 4052 1241 4101 commemorat

195 4135 355 4217 Hippolyti
367 4141 428 4213 περὶ
444 4143 493 4196 roe
504 4141 613 4213 Πάσχα,
628 4139 708 4217 quod
731 4138 857 4198 Rufinus
877 4140 908 4198 iu
929 4159 982 4198 sua
1002 4137 1144 4206 vernone,
1159 4137 1240 4198 velut

193 4233 272 4294 idem
287 4253 349 4294 esse
367 4244 458 4302 ratus,
473 4235 579 4295 omisit
623 4235 683 4296 Sed
698 4235 807 4296 rectius
827 4235 1038 4315 Hieronymus,
1055 4232 1241 4313 Nicephorus

194 4341 225 4390 et
239 4329 289 4390 alii
299 4330 432 4408 juniores
443 4331 566 4392 Eusebii
577 4332 664 4392 tidem
675 4332 776 4392 secuti.
805 4333 1014 4412 Fragmentum
1025 4351 1063 4392 ex
1076 4329 1150 4390 libro
1161 4330 1240 4410 Hip·

194 4425 289 4507 polyti
302 4425 339 4487 de
354 4427 496 4489 Paschate
515 4439 661 4489 servatum
680 4429 712 4488 in
727 4428 872 4488 Chronico
887 4428 1020 4490 Paschali
1033 4448 1063 4508 p.
1073 4427 1102 4486 6.
1116 4437 1147 4487 et
1160 4425 1241 4486 aliud
