3294 5192
297 493 516 562 CONCILII
541 489 1144 562 CONSTANTINOPOL.UN1v.
1181 495 1245 567 896

191 670 350 773 ηγορίας,
375 671 434 750 καὶ
460 670 514 749 ἐπ’
539 669 657 749 αὐτῶν
683 668 842 774 ἐλέγχειν
865 666 913 746 τὰ
941 667 1150 770 ἐγκλήματα
1178 677 1243 748 τοῦ

193 798 232 874 ἐν
253 796 379 882 αἰτίαις
402 798 501 875 τισὶν
523 792 734 875 ἐπισκόπου.
765 800 795 874 εί
813 792 852 873 δέ
876 795 1039 894 συμβαίη
1062 797 1238 895 ἀδυνατή-

192 955 259 1001 σσι
283 921 364 1006 τοὺς
389 920 610 1027 ἐπαρχιῶτας
630 920 721 1024 πρὸς
748 919 941 1024 διόρθωσιν
967 927 1040 1002 τῶν
1067 923 1237 1028 ἐπιφερο-

192 1049 308 1146 μένων
325 1045 562 1150 ἐγκλημάτων
578 1051 629 1154 τῷ
652 1045 847 1154 ἐπισκόπῳ·
872 1046 954 1127 τότε
972 1048 1100 1131 αὐτοὺς
1117 1081 1238 1152 προσ·

162 1172 279 1258 5ιέναι
296 1174 424 1278 μείζόνι
441 1169 586 1282 συνόδῳ
611 1179 684 1254 τῶν
702 1177 766 1273 τῆς
784 1173 992 1273 διοικήσεως
1009 1175 1141 1274 ἐκείνης
1158 1177 1236 1255 ἐπι·

193 1298 353 1400 σκόπων,
371 1300 459 1403 ὑπὲρ
476 1305 540 1400 τῆς
558 1302 672 1384 αίτίας
696 1301 827 1402 ταύτης
848 1301 1162 1404 ονγκαλουμενων,
1181 1304 1240 1381 καὶ

192 1427 243 1528 μή
261 1427 435 1532 πρότερον
458 1431 672 1509 ἐνίστασθαι
690 1426 756 1528 τήν
781 1429 1006 1533 κατηγορίαν,
1024 1433 1109 1533 πρὶν
1130 1428 1154 1530 ἢ
1175 1432 1236 1532 ἐγ·

192 1554 343 1662 γράφως
362 1555 488 1640 αὐτοὺς
505 1556 569 1637 τὸν
586 1555 670 1636 ’ίσον
687 1557 806 1639 αὐτοῖς
826 1559 896 1656 (for.
916 1559 1048 1658 adroic)
1069 1554 1241 1656 ὑποτιμή-

193 1689 334 1763 σασθαι
351 1683 524 1781 κίνδυνον,
538 1683 635 1787 ε’ίπερ
648 1685 686 1762 ἐν
699 1689 745 1788 τῇ
758 1690 831 1762 τῶν
843 1683 1066 1787 πραγμάτων
1079 1682 1241 1790 ἐξετάσει

148 1845 185 1885 10
193 1816 501 1917 συκοφαντοῦντες
519 1807 583 1890 τὸν
601 1810 906 1912 καπηγοροόμενον
922 1811 1121 1891 ἐπίσκοπον
1140 1814 1242 1913 ἐλεγ-

193 1942 322 2042 χθεῖεν.
352 1943 382 2016 εἰ
400 1935 442 2016 δέ
455 1970 508 2020 τις
529 1935 808 2043 καταφρονήσας
831 1944 904 2016 τῶν
923 1936 1014 2017 κατὰ
1038 1936 1084 2018 τὰ
1100 1943 1239 2041 προδη-

193 2064 356 2146 λονθέιπα
369 2063 599 2167 δεδογμένων,
613 2061 828 2163 τολμήσειεν
841 2061 864 2162 ἢ
875 2063 1073 2160 βασιλικὰς
1083 2069 1242 2170 ἐνοχλεῖν

194 2189 313 2289 ἀκοὰς,
341 2187 365 2291 ἦ
397 2197 579 2289 κωμικῶν
609 2187 795 2294 ἀρχόντων
822 2189 1044 2294 δικαστήρια,
1072 2189 1096 2293 ἢ
1121 2199 1238 2274 οἰκου-

190 2315 338 2416 μενικὴν
350 2316 504 2397 σύνοδον
516 2315 725 2420 ταράσσειν,
738 2316 877 2401 πάντας
890 2316 1070 2415 ἀτιμάσας
1083 2317 1165 2402 τοὺς
1177 2325 1242 2419 τῆς

149 2443 399 2564 ,ὅδιοικήσεως
422 2443 651 2528 ἐπισκόπους·
678 2443 742 2525 τὸν
763 2444 982 2526 τοιοῦτοντὸ
1003 2445 1176 2550 παράπαν
1194 2455 1242 2532 είς

193 2572 409 2676 κατηγορίαν
432 2570 483 2672 μή
507 2568 594 2651 εἶναι
618 2569 753 2670 δεκτόν,
782 2575 831 2657 ὡς
858 2574 1130 2678 καθυβρίσαντα
1159 2569 1242 2656 τοὺς

194 2695 355 2796 κανόνας,
382 2701 441 2778 καὶ
468 2696 535 2798 τήν
566 2697 871 2800 ἐκκλησιαστικὴν
902 2698 1151 2806 λυμηνάμενον
1179 2699 1238 2778 εό-

194 2821 332 2928 ταξίαν.

577 2954 780 3031 ΚΑΝΩΝ
815 2957 859 3032 Ζ.

148 3147 185 3187 ιο
253 3099 366 3212 [Τοὺς
383 3099 682 3204 προστιθεμένους
706 3103 961 3210 τῇόρθοδοξίᾳ
984 3105 1042 3182 καὶ
1062 3109 1108 3210 τῇ
1126 3106 1241 3209 μερίδι

194 3311 313 3372 crimina
324 3309 459 3390 episcopo
469 3309 592 3386 objecta.
607 3307 696 3381 Quod
737 3315 794 3385 eet)
816 3310 932 3372 decreto
949 3313 1070 3371 fuerunt
1091 3325 1242 3392 contemp·

194 3392 218 3449 oi
233 3391 372 3457 evenerit,
384 3401 419 3450 ut
433 3389 624 3470 provinciales
633 3389 694 3467 epi·
737 3393 785 3458 tis.
800 3411 887 3452 ausus
901 3393 991 3452 fuerit
1002 3391 1048 3451 vel
1059 3394 1097 3451 im
1102 3393 1241 3473 peratoris

194 3472 272 3551 scopi
304 3472 433 3540 crimina,
465 3490 529 3549 quae
561 3471 697 3549 episcopo
737 3473 967 3532 cureomolestia
986 3473 1107 3540 efficere,
1123 3472 1168 3532 rel
1187 3493 1239 3531 ια-

194 3551 337 3610 intentota
361 3561 440 3621 sunt,
468 3550 610 3629 corrigere
637 3569 695 3608 non
737 3553 879 3612 culorium
916 3555 1081 3633 principum
1120 3553 1240 3630 judicio,

193 3633 325 3711 possint;
357 3643 429 3690 tunc
456 3632 534 3710 ipsoa
561 3631 697 3690 accedere
737 3633 783 3692 vel
798 3634 990 3693 universalem
1010 3634 1152 3712 synodum
1174 3653 1240 3713 per.

194 3711 230 3770 nd
251 3712 388 3790 mojorem
409 3711 551 3790 synodum
566 3709 698 3768 dioecesis
737 3716 863 3782 turbere,
879 3713 1019 3792 neglectis
1032 3713 1165 3774 diocesis
1179 3713 1240 3792 epi.

194 3791 274 3850 illiue
305 3793 517 3871 episcoporum,
556 3811 610 3870 pro
644 3790 698 3848 hcc
737 3795 850 3874 scopin
874 3815 941 3853 eum
963 3793 1045 3853 nullo
1068 3793 1155 3852 modo
1178 3813 1241 3852 esso

194 3891 280 3930 causo
299 3882 542 3942 convocatorum
565 3882 595 3929 et
616 3889 697 3929 accu-
738 3876 773 3933 ad
785 3875 995 3934 accusationem
1007 3873 1219 3934 admittendum
1233 3895 1240 3942 ;

194 3953 335 4010 sationem
354 3971 413 4010 non
434 3952 515 4030 priua
535 3950 696 4014 intendere,
739 3955 833 4032 utqui
845 3955 1003 4014 canonibus
1017 3955 1151 4030 injuriam
1164 3955 1239 4011 iece-

194 4051 280 4108 qunm
306 4031 336 4090 in
357 4031 473 4112 scriptia
493 4030 603 4109 aeqnnle
621 4031 697 4125 peri-
737 4035 786 4103 rit,
808 4045 838 4094 et
859 4034 1084 4093 ecclesiasticum
1109 4033 1239 4092 ordinem

194 4110 292 4170 cuium
309 4112 363 4171 ribi
383 4121 522 4178 statuant,
538 4113 561 4170 oi
580 4109 695 4190 qmdem
738 4115 888 4174 everterit.

194 4191 225 4248 in
247 4192 333 4251 rebus
356 4191 555 4251 examinandis
582 4209 696 4249 accuse·

194 4281 258 4330 tum
269 4273 437 4352 episcopum
448 4271 616 4331 calumniari
628 4289 697 4328 con·
864 4242 1017 4301 CANON
1038 4241 1112 4301 VH·

195 4352 265 4411 victi
288 4352 408 4411 fuerint.
450 4352 484 4410 Si
508 4351 573 4431 quio
597 4361 695 4409 nutem
778 4347 840 4407 Eoo
852 4347 904 4425 qui
917 4357 1003 4406 rectae
1018 4346 1084 4405 fidei
1095 4367 1126 4406 oe
1137 4345 1240 4424 adjun-

193 4432 239 4502 iia,
262 4451 327 4510 qnae
346 4437 393 4503 (ut
415 4431 496 4512 prius
519 4430 695 4496 declaratum
737 4439 821 4507 gunt,
845 4438 877 4486 et
901 4427 977 4507 porti
1004 4447 1105 4486 eorum
1132 4427 1241 4504 quiex

774 4531 878 4596 3122
