3314 5190
402 419 468 485 DE
491 413 749 483 IDOLORUM
773 411 1036 478 VANITA'I’E.
1183 406 1243 474 tvl

197 605 313 670 mater
329 595 438 677 Idaea,
456 601 495 665 et
511 591 679 687 AEgyptia
695 596 869 683 portenta,
886 610 959 659 non
975 587 1140 658 numina:
1167 608 1248 677 quae

199 715 324 806 utique
346 713 375 782 si
399 709 485 804 quid
506 707 693 801 potestatis
716 704 931 786 habuissent,
955 725 1019 774 sua
1043 725 1084 772 ao
1105 721 1249 772 suorum

200 851 310 924 regna
338 831 546 898 servassent.
598 821 710 894 Plane
749 831 832 892 sunt
870 819 964 913 apud
998 818 1179 889 Romanos
1212 824 1250 886 et

201 945 288 1016 victi
304 950 460 1037 penates,
477 963 566 1033 quos
586 939 716 1011 AEneas
736 937 907 1032 profugus
928 935 1083 1006 advexit.
1127 931 1193 1003 Est
1213 940 1252 1002 ct

175 1061 331 1135 §Venus
359 1057 460 1130 calva
488 1055 604 1129 multo
632 1055 692 1126 hic
721 1055 859 1149 turpius
889 1051 989 1124 calva
1017 1073 1124 1144 quam
1157 1049 1253 1144 apud

203 1176 405 1248 Homerum
422 1174 617 1246 vulnerata.

255 1292 327 1363 III.
354 1291 480 1387 Regna
496 1299 618 1362 autem
641 1313 713 1362 non
729 1291 857 1360 marito
882 1288 1059 1369 accidunt,
1075 1285 1139 1356 sed
1159 1293 1253 1355 sorte

207 1411 398 1482 variantur.
453 1407 632 1479 Caeterum
666 1407 854 1500 imperium
881 1411 965 1476 ante
994 1410 1187 1474 tenuerunt
1216 1408 1255 1471 et

208 1524 346 1620 Assyrii
373 1531 412 1595 et
429 1522 555 1608 Persas,
581 1530 620 1595 et
647 1521 792 1594 Graecos
819 1528 857 1591 et
883 1520 1067 1614 AEgyptios
1092 1539 1255 1612 regnasse

164 1641 448 1738 recognovimus.
510 1639 569 1710 Ita
608 1638 744 1710 vicibus
776 1643 994 1729 potestatum
1030 1634 1256 1716 variantibus,

210 1759 380 1831 Romanis
410 1777 550 1849 quoque
578 1763 622 1826 ut
650 1762 689 1826 et
719 1754 854 1824 ceteris
886 1752 1082 1845 imperandi
1116 1761 1257 1845 tempus

211 1875 365 1946 obvenit.
408 1872 590 1946 Caeterum
613 1871 704 1943 siad
721 1869 893 1964 originem
913 1869 1045 1952 redeas,
1061 1868 1257 1940 erubescas

212 1987 369 2084 Populus
392 1988 437 2059 de
462 1987 641 2060 sceleratis
664 1995 703 2058 et
724 1986 934 2057 nocentibus
959 1991 1202 2078 congregatur,
1220 1989 1259 2053 et

211 2101 307 2197 asylo
324 2102 519 2174 constituto
536 2103 621 2174 facit
640 2125 829 2173 numerum
851 2101 1044 2194 impunitas
1060 2100 1258 2171 criminum.

167 2217 324 2313 15Nuno
348 2225 391 2288 ut
415 2241 478 2288 rex
508 2220 583 2311 ipse
612 2220 849 2312 principatum
878 2216 1008 2288 habeat
1032 2217 1078 2288 ad
1102 2218 1259 2298 crimina,

212 2335 256 2406 fit
282 2331 457 2406 Romulus
484 2334 675 2428 parricida:
711 2344 819 2427 atque
844 2343 888 2404 ut
914 2334 1180 2406 matrimonium
1210 2333 1261 2404 fa-

214 2453 320 2534 ciant,
354 2471 430 2521 rem
463 2451 660 2524 concordiae
699 2474 763 2545 per
797 2450 986 2523 discordias
1025 2451 1260 2545 auspicantur.

215 2565 384 2660 Rapiunt,
411 2566 596 2650 ferociunt,
621 2567 750 2640 fallunt
777 2567 822 2638 ad
852 2570 990 2662 copiam
1020 2568 1173 2639 civitatis
1202 2590 1264 2638 au·

214 2683 382 2778 gendum.
426 2680 573 2776 Nuptiae
591 2692 675 2755 sunt
697 2684 767 2755 illis
789 2694 895 2778 rupta
916 2684 1060 2778 hospitii
1078 2684 1211 2755 foedera
1226 2691 1265 2754 et

170 2819 300 2870 aecum
324 2797 453 2869 soceris
474 2797 570 2870 bella
592 2798 757 2871 crudelia
810 2797 878 2870 Est
893 2807 931 2870 et
953 2800 1083 2893 gradus
1106 2821 1265 2871 summus

217 2915 256 2985 in
285 2914 455 2986 Romanis
484 2913 676 2986 honoribus
705 2913 927 2986 consulatus:
966 2916 1016 2986 sic
1042 2914 1265 2986 consulatum

154 3049 159 3056 ·
218 3031 365 3124 coepisse
383 3030 543 3102 videmus
558 3038 601 3101 ut
616 3053 776 3125 regnum.
820 3030 929 3102 Filios
945 3029 1113 3102 interficit
1133 3030 1266 3101 Brutus

218 3154 261 3218 ut
286 3155 421 3218 crescat
445 3146 491 3218 de
516 3144 680 3241 suffragio
705 3146 846 3219 sceleris
869 3147 1131 3218 commendatio
1153 3145 1267 3240 digni·

219 3262 315 3334 tatis.
366 3261 454 3334 Non
487 3285 571 3356 ergo
605 3260 650 3333 de
683 3262 911 3357 religionibus
947 3263 1087 3346 sanctis,
1121 3283 1187 3332 nec
1221 3261 1267 3332 dc

174 3378 384 3474 25auspiciis
400 3387 464 3451 aut
483 3380 639 3474 auguriis
661 3378 824 3450 Romana
844 3402 953 3474 regna
972 3385 1180 3461 creverunt;
1205 3378 1267 3449 sed

220 3501 409 3587 acceptum
438 3503 579 3588 tempus
605 3502 703 3566 certo
728 3493 799 3565 fine
828 3495 1044 3566 custodiunt.
1087 3493 1268 3566 Caeterum

221 3617 261 3681 et
277 3608 438 3705 Regulus
453 3611 608 3706 auspicia
624 3611 786 3693 servavit,
803 3617 841 3681 et
856 3619 981 3704 captus
998 3617 1076 3693 est;
1101 3617 1140 3682 et
1164 3610 1270 3682 Man·

222 3727 323 3798 cinus
352 3726 559 3820 religionem
584 3726 711 3809 tenuit,
741 3733 780 3796 et
805 3725 871 3796 sub
894 3726 1024 3819 jugum
1050 3726 1177 3798 missus
1204 3735 1269 3798 est.

222 3839 346 3911 Pullos
363 3840 490 3912 edaces
511 3841 643 3913 Paulus
664 3841 798 3924 habuit,
816 3850 855 3912 et
874 3843 969 3935 apud
991 3841 1130 3914 Cannas
1150 3852 1271 3915 tamen

175 3976 333 4046 gocaesus
359 3964 426 4026 est
473 3955 645 4028 &Cesar
672 3980 719 4028 ne
748 3965 833 4029 ante
858 3957 1022 4030 brumam
1048 3959 1086 4030 in
1111 3957 1271 4030 Africam

223 4069 364 4164 navigia
390 4073 649 4144 transmitteret
677 4073 833 4166 auguriis
858 4083 897 4144 et
925 4075 1090 4168 auspiciis
1118 4076 1273 4146 reniten-

224 4184 330 4269 tibus,
358 4188 500 4281 sprevit
531 4196 569 4259 et
598 4211 641 4260 eo
670 4187 807 4262 facilius
834 4197 872 4260 et
901 4191 1080 4284 navigavit
1109 4199 1148 4262 et
1177 4193 1272 4264 vicit

226 4299 367 4376 Horum
394 4312 516 4378 autem
544 4306 703 4378 omnium
733 4307 822 4378 ratio
849 4315 904 4378 est
925 4305 989 4378 illa
1013 4330 1093 4400 quae
1119 4308 1211 4381 fallit
1235 4318 1274 4381 et
