3294 5192
5 592 11 693 l

343 477 395 541 IN
413 474 633 541 CANONES
657 473 841 541 NICAENI
865 475 1093 540 CONCILII.
1185 478 1244 541 401

239 646 278 711 P.
290 648 365 732 367.
380 645 403 709 l.
418 663 469 730 15.
490 647 659 710 ἀνελθόντα
681 649 723 714 εἰς
741 646 809 714 τοὺς
827 645 980 731 deducor]
1007 645 1164 711 Additum
1184 653 1244 724 est,

195 733 254 796 Kal
270 734 461 810 notissimos
475 733 509 795 ἐν
524 734 605 816 tofto
623 736 677 795 τοῦ
696 732 814 813 πατρὸς,
830 732 863 795 in
884 731 1021 881 prologo
1042 731 1165 796 Pedalii
1183 732 1244 796 Ec-

194 817 297 882 clesiae
320 817 450 894 Graecae,
474 817 539 880 sive
561 817 725 881 Ganonum
741 817 942 882 collectionis
963 838 984 882 a
1027 817 1104 904 ipsis
1124 817 1244 882 Graecis

193 923 304 966 recens
325 901 430 979 editae,
453 901 487 965 in
510 923 574 985 quc
595 901 727 986 symboli
752 902 875 967 Nioaeni
899 903 1078 988 exemplum
1102 903 1243 988 positum

193 993 254 1051 est.
299 987 424 1051 Extant
439 987 550 1052 eadem
567 987 665 1051 verba
683 987 770 1072 opud
790 988 819 1051 Ε
843 987 1005 1073 iphanium
1019 989 1052 1051 in
1066 988 1243 1067 Ancorato,

193 1079 227 1136 et
252 1073 285 1136 in
310 1072 429 1137 Gelasii
455 1073 549 1137 Actis
579 1071 700 1136 Nicaeni
725 1011 865 1149 concili
893 1071 948 1136 ubi
977 1073 1037 1137 hoo
1066 1073 1244 1159 symbolum

192 1157 291 1242 priori
305 1158 375 1222 loco
396 1157 556 1222 Gelasiani
576 1158 681 1306 operis
695 1158 873 1236 adducitur,
890 1165 923 1222 et
943 1159 976 1222 in
996 1158 1090 1223 Actis
1111 1158 1243 1223 (lencilii

193 1243 347 1329 Carthag.
363 1243 412 1308 rel
427 1242 580 1320 Africani,
605 1265 663 1307 oco
673 1244 845 1307 eorundem
856 1243 962 1330 priori,
976 1251 1009 1308 et
1020 1244 1053 1308 in
1064 1245 1243 1308 actionibus

193 1330 332 1392 secunde
346 1336 380 1392 et
395 1329 507 1412 quinta
521 1328 785 1392 Chalcedonensis
800 1329 940 1404 Ocncilii,
956 1329 1092 1414 denique
1112 1329 1146 1392 in
1161 1330 1243 1394 Gon-

193 1413 336 1476 oiliorum
352 1413 504 1498 Ephesini
519 1422 553 1477 et
568 1413 658 1478 Sexti
678 1413 843 1478 Generalis
858 1415 961 1492 Actis,
978 1415 1032 1478 ubi
1050 1414 1175 1500 legitur,
1193 1416 1241 1480 καὶ

193 1499 228 1561 ἐν
248 1501 329 1583 defle
352 1503 405 1562 τοῦ
428 1500 539 1581 πατρὸς
565 1498 740 1578 καθήμενον.
784 1500 848 1564 Sed
870 1500 1013 1564 nesciunt
1034 1500 1095 1564 hoc
1117 1501 1242 1565 additu·

192 1591 335 1647 mentum
350 1605 415 1646 non
429 1590 556 1648 tantum
573 1584 696 1669 aliquot
716 1583 805 1648 MSti
820 1584 957 1648 testibus
973 1585 1094 1651 Graccis
1107 1593 1241 1650 annota-

192 1669 317 1733 toribue
337 1670 380 1733 ad
395 1669 572 1744 Pedalium,
588 1677 622 1733 et
637 1669 740 1754 ipsum
755 1669 826 1748 hcc,
848 1670 934 1755 quod
953 1671 1085 1748 edimus,
1102 1670 1242 1734 Eunom-

192 1752 300 1818 ianum
326 1755 360 1818 in
385 1754 632 1819 Chalcedonensi
654 1754 786 1819 concilio
812 1777 902 1819 exem
925 1755 982 1832 lar,
1007 1777 1116 1820 remm
1141 1755 1241 1820 etiam

191 1838 269 1903 illud
290 1840 332 1905 ab
355 1839 495 1904 Eusebio
515 1840 649 1904 allatum
668 1841 702 1904 in
722 1840 751 1904 E
774 1840 869 1906 istola
944 1841 1135 1906 Pelaestinos
1154 1862 1238 1920 suos,

214 1946 263 1990 uae
285 1925 412 2009 quidem
434 1925 569 2009 epistole
589 1927 675 2010 apud
697 1925 746 1989 At
849 1926 923 2005 um,
947 1933 981 1990 et
1006 1927 1181 2004 Socratem,
1205 1935 1239 1991 et

191 1947 438 2090 i'heodoretum
455 2010 615 2075 Gelasium
638 2033 678 2075 ue
692 2017 793 2076 extat.
827 2011 938 2096 Neque
951 2011 1049 2077 verba
1062 2017 1240 2096 agnoscunt

191 2095 225 2159 S.
236 2094 387 2174 Hilarius,
405 2094 438 2159 S.
448 2095 584 2162 Basilius
641 2145 658 2174 .,
671 2095 813 2174 Rufinus,
835 2096 1020 2160 Theodotus
1038 2097 1238 2181 Ancyranus,

191 2180 366 2245 Concilium
380 2180 635 2246 Alexandrinum
654 2182 686 2245 in
701 2203 798 2246 causa
813 2181 954 2246 Nestorii
974 2182 1130 2256 habitum,
1148 2182 1240 2246 Nice·

190 2266 318 2351 phorua
334 2267 473 2331 oodexre
492 2267 563 2331 MS.
580 2267 711 2332 Thema)
727 2267 883 2368 Phillipps
900 2267 1067 2333 Buronotti
1087 2266 1240 2354 opuscula

190 2353 279 2417 varia
300 2352 492 2438 Theologica
513 2353 688 2430 continens,
712 2351 760 2416 vel
784 2353 918 2438 demque
944 2353 1106 2439 exemplar
1129 2353 1238 2418 Oodici

190 2437 356 2502 (lenonum
371 2438 481 2502 Veteri
500 2437 651 2504 Ecelesiae
670 2438 823 2504 Romanae
841 2439 1016 2523 prmlixum.
1061 2440 1128 2504 Nec
1143 2461 1239 2526 porro

189 2531 325 2608 praestat
346 2545 385 2588 ea
405 2523 503 2602 locus,
528 2546 591 2609 quo
616 2524 794 2610 symbolum
819 2525 853 2588 in
882 2525 976 2590 Actis
1000 2525 1132 2590 Ooncilii
1162 2525 1240 2590 Oar-

189 2609 416 2758 ghlrjrgtdniterum
437 2609 579 2688 affertur,
595 2609 739 2675 recitatis
745 2616 834 2760 btplnc
847 2610 958 2762 {impia
977 2609 1237 2762 qupdaznttim

304 2717 356 2760 oe
379 2717 744 2781 rsoopo,unooumsym
798 2717 846 2760 oe
873 2717 911 2762 sc
928 2719 1023 2782 rssyn
1066 2719 1077 2762 ι
1119 2717 1236 2776 rcaenae,

189 2717 499 2963 ruallus
513 2780 1237 2952 ιιιιιιιιιιιιιιιιιιιι

188 2949 320 3014 (loncilri
331 2949 499 3014 traductus
513 2949 639 3014 ridetur
648 2949 709 3014 istc
720 2950 884 3028 articulus,
896 2952 950 3050 qui
966 2959 1074 3016 tomen
1085 2952 1118 3014 in
1132 2951 1236 3049 ipsum

188 3057 229 3098 ex
242 3035 349 3136 eliqua
362 3033 499 3099 formula
516 3033 690 3099 vetustiore
709 3041 859 3119 acceptus
878 3036 948 3099 furt.
993 3035 1123 3100 Etenim
1137 3057 1170 3098 ιιι
1185 3057 1237 3099 ve-

188 3121 365 3186 tustissima
384 3119 494 3206 regula
514 3119 597 3198 fidei,
614 3139 710 3204 quam
729 3119 851 3204 profert
871 3119 1092 3198 Tertullianus,
1108 3141 1180 3185 oum
1202 3121 1236 3206 iu

187 3205 269 3270 libro
282 3205 319 3270 de
333 3207 514 3290 Praeceps
523 3205 640 3270 Hoeret.
656 3226 724 3290 cap.
737 3224 785 3290 13.
801 3212 870 3269 tum
885 3205 918 3269 in
932 3205 986 3270 illo
1000 3206 1038 3271 de
1058 3205 1236 3292 Virqinilus

196 3291 321 3356 Volcani.
342 3311 455 3376 capr.
474 3291 580 3370 verba,
607 3290 718 3354 &aaa
738 3291 783 3354 col
801 3291 955 3356 merom
968 3293 1084 3442 puris,
1110 3313 1236 3378 compa·

187 3383 271 3442 rent.
296 3377 392 3442 Adde
402 3377 604 3462 presbyteros
612 3376 697 3461 apud
707 3375 957 3463 S.Hippolytum
992 3387 1081 3442 crura
1090 3377 1232 3454 Nestum,

187 3484 214 3527 c.
230 3482 257 3527 1.
272 3484 302 3547 p.
313 3464 365 3542 46.
399 3463 561 3528 Caetemm
575 3484 596 3527 a
617 3463 660 3526 ud
674 3469 831 3540 auctores,
848 3485 927 3547 quos
941 3485 1039 3564 supra
1050 3462 1233 3539 memoravi,

186 3555 301 3613 extant
316 3547 460 3634 plurimoe
479 3485 616 3634 symbol
628 3547 749 3612 Nicoeni
763 3547 915 3614 lectiones
928 3555 1097 3628 venantes,
1113 3548 1170 3614 sed
1187 3569 1234 3614 ιω

186 3633 360 3698 maximam
373 3641 500 3720 perlem
511 3633 616 3719 exigui
631 3633 794 3700 momenti.

606 3784 759 3850 OANON
782 3785 811 3851 1.

231 3892 269 3958 Ρ.
280 3912 355 3979 370.
369 3894 390 3958 l.
404 3911 434 3975 7.
458 3897 485 3959 sl
505 3894 539 3959 δέ
560 3919 604 3961 τις
623 3896 766 3976 ὑγιαίνων
782 3893 854 3982 tac]
880 3895 978 3960 Punit
997 3917 1101 3974 susos,
1118 3895 1165 3959 vel
1185 3916 1233 3958 se-

186 3977 196 4040 i
236 4000 281 4056 os,
304 3979 353 4044 vel
374 3980 463 4058 alios,
486 3979 643 4057 mutilare,
666 3979 765 4044 etism
786 3981 838 4046 lex
859 3981 966 4046 civilis.
1012 3980 1097 4045 Vide
1123 3979 1232 4044 Photii

218 4085 403 4130 omooanon.
419 4066 471 4130 tit.
491 4085 516 4128 1.
532 4086 603 4150 cep.
620 4064 682 4130 xiv.
728 4065 792 4130 Sed
806 4066 935 4130 canonis
949 4067 1043 4150 hujus
1058 4071 1233 4132 consumet

186 4148 343 4214 rationem
358 4151 488 4236 exponit
502 4149 632 4216 Goncilii
648 4150 844 4237 Agathensis
862 4159 1066 4238 praeooptum,
1083 4152 1122 4215 Si
1135 4152 1233 4237 quise

185 4235 308 4336 camuli
321 4237 395 4300 citio
413 4257 582 4322 rfflssymrs
599 4237 756 4302 estimes
772 4235 959 4338 Madau,
975 4237 1020 4338 cd
1036 4237 1149 4338 ⁶²0¹ll²⁸
1160 4257 1235 4322 pcr-

185 4331 520 4473 runem
532 4337 630 4486 ιιι,
644 4323 1087 4491 uastauere
1099 4341 1232 4493 ιιι

686 4513 741 4580 3Ἑ
