3314 5190
23 1853 27 2110 l

368 1245 419 1342 S.
453 1247 763 1350 CAECILII
793 1252 1171 1355 CYPRIANI

717 1489 822 1534 ulnus

260 1639 347 1726 DE
375 1643 856 1752 MORTALITATE,
886 1657 1029 1742 SIVE
1057 1656 1275 1742 PESTE.

241 2032 272 2104 Ι.
291 2031 444 2186 ETSI
468 2045 563 2137 apud
588 2045 758 2139 plurimos
785 2056 952 2130 vestrum,
980 2047 1105 2119 fratres
1135 2048 1290 2119 dilectis-

211 2171 229 2232 5
382 2161 472 2243 simi,
489 2183 590 2232 mens
613 2161 725 2234 solida
747 2173 802 2236 est
824 2172 862 2234 et
884 2165 972 2234 fides
988 2164 1091 2234 firma
1110 2172 1148 2234 et
1171 2166 1290 2235 anima

239 2273 377 2358 devota,
403 2299 484 2368 quae
509 2279 554 2348 ad
584 2282 768 2371 praesentis
797 2281 1023 2352 mortalitatis
1048 2281 1187 2374 copiam
1216 2303 1288 2352 non

238 2399 410 2473 movetur,
428 2392 490 2462 sed
507 2401 677 2485 tanquam
694 2403 796 2486 petra
812 2394 912 2466 fortis
924 2404 962 2466 et
979 2394 1115 2466 stabilis
1128 2395 1289 2466 turbidos

236 2504 391 2598 impetus
420 2508 544 2579 mundi
574 2517 612 2580 et
642 2510 816 2583 violentos
844 2511 965 2584 saeouli
1000 2511 1129 2584 fluetus
1158 2513 1289 2606 frangit

235 2623 365 2714 potius,
388 2624 465 2717 ipsa
486 2648 551 2696 nec
572 2625 755 2721 frangitur,
779 2637 816 2700 et
839 2628 1096 2700 tentationibus
1118 2652 1190 2700 non
1213 2631 1289 2700 vin-

193 2740 338 2823 noritur,
356 2741 417 2811 sed
435 2741 619 2834 probatum
640 2752 761 2816 tamen
774 2747 857 2838 quia
873 2747 1116 2817 animadverto
1130 2747 1166 2815 in
1183 2744 1288 2838 plebe

236 2857 407 2948 quosdam
431 2858 487 2928 vel
511 2859 756 2931 imbecillitate
779 2863 898 2945 animi,
923 2861 979 2932 vel
996 2862 1079 2932 iidei
1102 2864 1287 2954 parvitate,

236 2972 293 3042 vel
311 2973 499 3047 dulcedine
522 2976 700 3048 saeoularis
724 2979 818 3061 vitae,
836 2977 894 3048 vel
916 3001 1023 3049 sexus
1040 2976 1201 3060 mollitie,
1219 2978 1287 3060 vel,

235 3090 330 3181 quod
347 3095 462 3184 majus
481 3102 547 3177 est,
565 3095 724 3165 veritatis
745 3117 862 3164 errore
883 3095 1001 3164 minus
1022 3101 1116 3164 stare
1137 3094 1287 3185 fortiter,

235 3227 301 3277 neo
318 3211 471 3302 pectoris
493 3211 547 3282 sui
571 3210 731 3281 divinum
754 3217 862 3304 atque
884 3210 1057 3280 invictum
1080 3209 1188 3278 robur
1203 3233 1288 3282 exe-

190 3338 322 3407 ¹5rere,
359 3325 611 3398 dissimulanda
646 3349 701 3397 res
731 3349 802 3396 non
832 3326 901 3396 luit
930 3347 997 3396 neo
1031 3325 1183 3396 tacenda
1215 3349 1287 3418 quo

234 3441 361 3524 minus,
392 3452 564 3534 quantum
595 3451 716 3512 nostra
743 3443 968 3513 mediocritas
995 3441 1134 3524 suffieit,
1165 3444 1286 3536 vigore

234 3555 339 3648 pleno
357 3567 394 3630 et
411 3583 572 3630 sermone
589 3560 635 3630 de
653 3558 842 3630 Dominioa
858 3556 1012 3628 lectione
1035 3567 1208 3651 concepto
1225 3558 1286 3630 de·

233 3671 352 3744 licatae
368 3678 500 3747 mentis
515 3677 657 3771 ignavis
673 3677 936 3768 comprimatur,
954 3683 992 3745 et
1009 3675 1070 3767 qui
1087 3674 1196 3744 homo
1214 3674 1285 3746 Dei

233 3798 271 3860 et
297 3791 429 3863 Christi
455 3815 532 3864 esse
554 3793 631 3884 jam
661 3793 779 3886 ooepit,
806 3791 886 3862 Deo
916 3799 955 3862 et
984 3791 1126 3862 Christo
1156 3791 1285 3885 dignus

185 3905 415 3978 nohabeatur.
467 3907 672 4002 Agnoscere
699 3909 794 3980 enim
820 3931 858 3980 se
884 3907 1002 3992 debet,
1028 3907 1154 3980 fratres
1176 3908 1285 3982 dilee-

233 4021 368 4104 tissimi,
395 4024 456 4115 qui
482 4023 562 4094 Deo
591 4023 732 4106 militat,
763 4025 823 4117 qui
854 4024 989 4116 positus
1016 4024 1054 4094 in
1080 4024 1283 4096 coelestibus

232 4140 354 4210 castris
371 4139 490 4211 divina
500 4141 577 4233 jam
595 4149 733 4232 sperat;
759 4149 800 4211 ut
817 4141 862 4210 ad
879 4140 1051 4233 proeellas
1068 4149 1105 4210 et
1123 4141 1284 4212 turbines

230 4255 355 4327 mundi
381 4258 570 4350 trepidatio
596 4255 693 4328 nulla
718 4257 828 4328 sitin
853 4258 964 4340 nobis,
990 4255 1089 4328 nulla
1115 4257 1281 4340 turbatio,

229 4375 371 4464 quando
387 4373 466 4445 baee
484 4383 634 4446 ventura
653 4374 860 4467 praedixerit
884 4373 1070 4446 Dominus.
1117 4373 1282 4444 Providae
