3314 5190
286 439 338 502 IN
363 441 395 503 S.
420 437 657 503 CYPRIANI
682 436 746 504 DE
771 435 1145 504 MORTALITATE.
1180 437 1246 506 347

195 627 266 672 sum
298 616 348 674 est
378 609 439 673 hoc
465 608 498 673 S.
518 607 691 694 Scriptura
720 607 973 676 additamentum
998 609 1031 672 in
1057 609 1163 672 codice
1185 609 1244 692 Gy-

195 695 299 794 priani
315 695 532 772 Tewaterano,
548 694 631 760 sicut
645 695 677 758 in
689 695 862 759 vetustiore
873 695 987 759 saltem
998 695 1169 771 Druriano,
1186 695 1242 758 sed

196 780 282 842 idem
302 781 478 844 adductum
504 787 553 844 est
575 780 608 843 iu
631 780 782 865 Cypriani
805 780 859 845 lib.
879 781 949 844 111.
974 779 1241 844 Testimoniorum

196 887 265 950 cap.
285 883 312 929 2.
329 873 362 930 et
377 865 409 928 in
424 866 559 929 aliorum
574 872 702 950 patrum
717 866 874 951 operibus.

241 951 280 1014 P.
299 969 371 1036 293.
387 950 407 1013 l.
422 970 453 1035 3.
476 949 640 1035 eximaris]
666 951 762 1016 Hanc
782 951 950 1016 lectionem
971 949 1174 1036 provulgata
1193 972 1241 1014 ce·

196 1036 285 1099 uarie
299 1036 433 1120 reposui,
449 1036 512 1100 fide
531 1035 624 1100 nixus
639 1036 756 1101 codicis
771 1037 863 1100 unius
883 1037 967 1101 inter
986 1036 1136 1100 lectiones
1151 1035 1242 1100 editi-

196 1120 266 1183 onis
286 1121 388 1184 Oxou.
408 1120 593 1185 Variantes:
618 1123 674 1186 sed
693 1122 827 1187 forsitan
846 1121 1004 1185 nonnullis
1024 1121 1119 1185 lectio
1141 1121 1244 1185 altera

196 1205 328 1269 ferenda
352 1228 421 1270 csse
446 1206 614 1282 videbitur,
640 1207 700 1271 nisi
721 1207 861 1272 auctoris
884 1208 981 1271 verba
1005 1229 1035 1291 p.
1054 1227 1127 1290 291.
1150 1207 1169 1271 l.
1191 1225 1240 1272 20.

197 1289 283 1354 uliud
297 1292 518 1376 persuadeant.
563 1292 655 1356 Nunc
676 1315 772 1377 porro
794 1292 962 1378 praelatum
983 1314 1051 1356 esse
1068 1292 1159 1356 video
1174 1313 1241 1356 ver-

197 1376 274 1440 bum
295 1377 441 1440 soluturis
461 1377 494 1440 in
516 1377 655 1441 editione
677 1379 719 1442 ad
744 1400 836 1442 usum
858 1377 985 1442 exulum
1006 1376 1199 1442 Gallicorum
1221 1399 1242 1441 a

198 1482 249 1524 me
264 1461 359 1525 modo
374 1469 630 1526 commemorata.

244 1547 326 1610 lbid.
361 1547 381 1611 l.
405 1551 434 1610 6.
479 1547 530 1610 hic
564 1547 690 1612 interim
721 1549 847 1632 degere]
885 1549 1067 1612 Leetionem
1096 1546 1244 1612 editionis

199 1631 348 1718 principis
371 1633 568 1716 aliarumque
590 1654 649 1717 pro
671 1634 748 1709 istie,
765 1635 849 1718 quod
871 1631 939 1698 sine
961 1655 1056 1697 causa
1078 1631 1244 1697 suffectum

198 1725 258 1792 est,
274 1717 336 1782 fide
351 1718 557 1802 plurimorum
572 1719 715 1782 codicum
729 1719 919 1867 militorum
933 1719 1025 1782 nixus
1038 1719 1191 1782 revocavi.

244 1803 325 1867 Ibid.
340 1803 362 1866 l.
380 1823 427 1888 19.
449 1803 554 1868 adhue
575 1804 616 1867 de
630 1810 741 1867 nostra
803 1812 858 1868 ute
872 1803 1022 1887 sollicita]
1048 1803 1157 1867 Delevi
1172 1823 1243 1886 par·

200 1888 331 1953 ticulum
352 1899 380 1952 et
396 1896 472 1953 ante
492 1887 592 1952 adhuc
606 1887 699 1973 vulgo
720 1889 867 1972 positam,
883 1911 979 1973 quam
1001 1888 1146 1953 nesciunt
1168 1887 1245 1951 edit.

200 1974 353 2059 princeps,
374 1983 408 2039 et
430 1981 551 2058 septem
573 1973 617 2036 illi
639 1974 759 2058 scripti,
781 1995 860 2058 quos
880 1973 1008 2038 contuli.
1053 1973 1116 2037 Sed
1139 1972 1247 2037 omisit

200 2081 292 2124 voces
315 2069 343 2123 el
367 2059 467 2124 adhuc
494 2059 565 2122 MS.
589 2059 743 2123 Tewater.
768 2059 927 2143 habetque
949 2059 1003 2122 scd
1025 2059 1125 2123 adhuc
1146 2058 1246 2122 codex

200 2167 282 2210 unua
297 2145 331 2207 in
345 2145 421 2209 edit.
437 2145 540 2208 Oxou.
552 2144 720 2208 adductus.

246 2229 329 2294 Ibid.
345 2230 365 2294 l.
382 2250 432 2311 25.
455 2229 683 2314 prophetarum
703 2229 929 2317 exultantium]
951 2229 1123 2316 Cogitabat
1138 2228 1247 2314 (lypri-

201 2316 507 2466 fflpaepppogelipltp
529 2315 666 2379 Joannis
689 2313 951 2464 illlll'iAlrllam
967 2325 1062 2464 papus·
1081 2326 1175 2415 congr
1199 2336 1247 2462 ag·

396 2423 429 2464 re
489 2422 651 2464 mmeum:
674 2423 696 2464 o
767 2423 782 2464 e
827 2423 994 2464 amusos.
1033 2423 1104 2465 oen.
1120 2423 1182 2464 vui.
1240 2450 1247 2465 .

246 2486 328 2551 Ibid.
346 2487 366 2550 l.
384 2505 434 2568 27.
459 2486 692 2571 triumphantes
714 2423 864 2572 virginiae]
897 2487 1010 2572 Vulgo,
1033 2421 1250 2572 triumphaliter

201 2571 268 2636 illic
281 2573 422 2657 cirpines,
438 2573 494 2636 sed
509 2579 637 2637 servato
658 2571 786 2635 meliore
801 2594 912 2636 vocum
927 2573 1046 2649 ordine,
1061 2573 1127 2636 illic
1141 2573 1249 2634 titens-

196 2657 327 2742 plumes
347 2658 480 2742 clrpines
507 2658 579 2721 MS.
600 2658 675 2721 olim
695 2657 942 2730 Tewateranus;
977 2658 1054 2721 dum
1077 2656 1249 2722 correctius

202 2741 338 2807 fortasse
351 2743 496 2807 nesciunt
503 2743 689 2806 adverbium
702 2743 769 2806 illic
782 2743 858 2807 edit.
873 2743 1027 2827 princeps,
1041 2751 1074 2807 et
1089 2765 1154 2815 sex,
1171 2763 1251 2826 quos

188 2827 335 2902 ‘contuli
351 2828 475 2891 codices
488 2827 707 2912 manuscripti.
753 2827 816 2890 Sed
832 2835 865 2892 et
880 2828 949 2891 voci
971 2829 1156 2890 remunerati
1171 2848 1248 2911 pree

204 2911 275 2976 fixit
289 2911 356 2976 illic
371 2912 442 2976 MS.
459 2913 614 2976 Tewater.
746 2961 749 2969 .

249 2998 288 3059 P.
300 3015 372 3080 294.
382 2997 403 3060 l.
414 3014 444 3059 2.
455 3004 494 3061 ut
504 3019 577 3060 cum
587 2996 637 3060 his
646 2996 711 3060 cito
722 2995 807 3081 esse]
819 2997 954 3060 Addunt
965 2995 1093 3080 quidem
1097 2995 1251 3080 possiruus

205 3082 280 3147 edit.
305 3082 460 3167 princeps,
481 3082 614 3166 aliaeque
639 3081 798 3165 autiquae;
825 3102 897 3144 cum
918 3102 993 3145 vero
1015 3083 1144 3145 verbum
1163 3080 1251 3143 istud

205 3174 359 3254 agnoscat
387 3173 516 3231 tantum
542 3189 623 3230 uuus
651 3189 691 3231 ex
716 3165 808 3231 codd.
834 3165 963 3266 scriptis
991 3166 1025 3229 in
1053 3187 1145 3229 usum
1174 3164 1250 3229 edit.

206 3254 310 3318 Oxou.
321 3251 455 3329 collatis,
467 3260 500 3316 et
509 3259 637 3317 tantum
652 3273 733 3315 unus
748 3251 788 3316 de
802 3251 890 3328 meis,
901 3273 1003 3337 ipsum
1017 3252 1153 3315 fortasse
1165 3259 1251 3315 recte

207 3361 267 3424 ego
282 3359 366 3402 nuuc
381 3338 463 3402 duco
482 3339 742 3423 relinquendum
766 3337 826 3402 etsi
842 3337 935 3401 aliter
950 3337 1049 3401 visum
1065 3343 1115 3401 est
1137 3335 1252 3400 editori

206 3445 328 3573 pupero
353 3423 576 3574 ponnullorum
604 3423 754 3510 Cypriani
778 3423 1009 3508 opusculorum,
1041 3422 1131 3508 cujus
1157 3443 1254 3507 supra

220 3531 267 3574 eci
282 3531 355 3574 men
372 3530 485 3573 renem.
