3314 5190
386 463 451 532 arc
762 467 792 530 s.
817 434 1066 534 curamur

386 640 528 733 decipit,
550 650 588 711 et
612 644 800 738 praestigiis
821 644 1038 714 caecantibus
1063 645 1260 728 veritatem,
1282 647 1432 718 stultum

386 767 424 827 et
440 758 627 852 prodigum
645 756 737 854 (for.
755 761 950 854 proditum)
968 759 1095 854 urlgus
1107 762 1263 834 inducit:
1289 765 1433 856 spiritus

386 882 470 944 sunt
484 875 648 946 insinceri
666 885 704 946 et
721 878 811 970 vagi,
829 879 889 969 qui
906 886 1030 969 posteo
1046 901 1152 970 quam
1169 881 1317 951 terrenis
1337 882 1433 952 vitiis

385 991 540 1062 immersi
566 1001 659 1076 sunt
685 1002 723 1064 et
747 1017 770 1064 a
794 995 915 1087 vigore
940 993 1075 1066 coelesti
1103 1003 1243 1066 terreno
1268 1000 1432 1092 contagio

384 1118 613 1193 recesserunt,
631 1133 702 1179 non
714 1111 881 1181 desinunt
892 1111 1022 1204 perditi
1039 1113 1186 1203 perdere
1198 1121 1237 1182 et
1251 1113 1457 1206 depravatis

385 1245 538 1295 errorem
555 1226 738 1318 pravitatis
754 1226 948 1296 infundere.

437 1339 505 1411 IV.
532 1340 611 1412 Hos
633 1351 671 1411 et
693 1343 807 1433 potitae
829 1342 1006 1415 daemonas
1030 1353 1182 1428 norunt;
1208 1353 1245 1416 et
1268 1344 1432 1418 Socrates

385 1457 511 1527 instrui
528 1479 565 1526 se
588 1465 626 1528 et
648 1459 722 1551 regi
741 1459 785 1527 ad
808 1458 993 1529 arbitrium
1015 1461 1183 1532 daemonis
1205 1461 1431 1554 praedicebat.

387 1573 435 1643 Et
460 1576 572 1668 magis
598 1575 680 1644 inde
705 1576 829 1646 estad
855 1579 1050 1668 perniciosa
1066 1577 1123 1648 vel
1148 1578 1284 1649 ludicra
1307 1586 1433 1671 poten-

385 1699 502 1774 tatus;
528 1715 677 1784 quorum
695 1701 815 1763 tamen
831 1696 1026 1787 praecipuus
1039 1695 1219 1766 Hostanes
1232 1704 1270 1768 et
1281 1696 1431 1766 formam
1444 1727 1480 1767 ro

386 1810 458 1878 veri
477 1807 546 1879 Dei
563 1818 671 1903 negat
692 1812 846 1903 conspici
868 1834 980 1904 posse,
999 1822 1036 1882 et
1058 1811 1202 1906 angelos
1220 1835 1320 1884 veros
1338 1811 1430 1908 (sor.

384 1949 512 2010 servos,
536 1924 613 1997 vide
630 1930 714 2018 aot.)
732 1928 807 1997 sedi
828 1928 904 2020 ejus
921 1927 1008 1996 dicit
1025 1928 1197 1998 assistere.
1244 1927 1288 1998 In
1304 1951 1375 2021 quo
1391 1936 1430 1998 et

386 2043 489 2114 Plato
506 2045 579 2138 pari
597 2045 734 2114 ratione
751 2045 936 2126 consentit,
954 2053 992 2113 et
1009 2067 1120 2114 unum
1139 2042 1257 2114 Deum
1280 2065 1431 2126 servans,

384 2171 532 2233 caeteros
548 2161 692 2255 angelos
709 2160 765 2232 vel
784 2163 963 2232 daemonas
980 2161 1076 2231 dicit.
1121 2160 1274 2230 Hermes
1291 2181 1433 2251 qnoque

384 2277 633 2370 'trismegistus
658 2301 769 2348 unum
796 2276 914 2348 Deum
940 2277 1106 2370 loquitur,
1123 2300 1276 2368 eumque
1299 2277 1480 2365 iucem-15

385 2391 657 2486 prehensibilem
688 2403 795 2484 atque
825 2394 1105 2465 inaestimabilem
1133 2394 1331 2464 confitetur.
1380 2389 1431 2460 Hi

386 2531 470 2602 ergo
487 2510 629 2602 spiritus
646 2510 712 2580 sub
729 2511 855 2580 statuis
872 2521 979 2602 atque
996 2512 1207 2606 imaginibus
1220 2510 1432 2580 consecratis

385 2625 609 2696 delitescunt.
644 2625 695 2695 Hi
713 2625 834 2696 afflatu
858 2649 920 2698 suo
938 2637 1061 2698 vatum
1083 2635 1228 2720 pectore
1251 2626 1431 2718 inspirant,

384 2751 549 2813 extorum
579 2742 684 2813 fibras
713 2745 882 2826 animant,
912 2745 1031 2814 avium
1058 2744 1195 2815 volatus
1221 2743 1431 2838 gubernant,

386 2867 497 2930 sortes
513 2868 651 2954 regunt,
670 2859 811 2931 oracula
827 2860 994 2942 efficiunt,
1013 2859 1101 2931 falsa
1118 2861 1208 2930 veris
1225 2882 1365 2952 semper
1380 2859 1431 2927 in·
1442 2887 1482 2928 ro

386 2976 543 3060 volvunt,
561 3001 644 3048 nam
668 2987 705 3048 et
728 2977 899 3048 falluntur
923 2985 960 3047 et
983 2975 1122 3060 fallunt,
1140 2977 1250 3046 vitam
1276 2975 1430 3056 turbant

386 3117 527 3166 somnos
544 3097 752 3188 inquietant.
805 3093 1005 3187 Irrepentes
1018 3095 1126 3164 etiam
1144 3093 1286 3186 spiritus
1303 3093 1340 3193 in
1357 3113 1430 3161 cor·

384 3213 529 3305 poribus
545 3212 685 3284 occulte
707 3221 846 3283 mentes
862 3219 1007 3293 terrent,
1024 3210 1184 3280 membra
1201 3211 1431 3301 distorquent,

386 3327 625 3398 valetudinem
644 3329 819 3422 frangunt,
837 3329 969 3398 morbis
986 3326 1162 3396 lacessunt
1178 3335 1220 3396 ut
1237 3326 1281 3394 ad
1294 3323 1432 3394 cultum

386 3446 439 3515 sui
463 3457 602 3538 cogent,
620 3452 662 3514 ut
683 3445 806 3515 nidore
829 3443 993 3514 altarium
1011 3451 1049 3513 et
1072 3442 1171 3536 rogis·
1188 3462 1355 3534 pecorum
1378 3457 1481 3518 sans

385 3561 507 3655 giuati,
524 3563 677 3632 remissis
694 3585 775 3653 quae
788 3561 1071 3632 constrinxerant
1084 3580 1222 3629 curasse
1236 3557 1430 3626 videantur.

387 3677 479 3748 Haeo
509 3687 564 3748 est
594 3679 639 3748 de
673 3677 742 3748 illis
775 3677 915 3749 medela
943 3699 1025 3747 cum
1054 3674 1196 3745 illorum
1229 3681 1344 3744 cessat
1378 3675 1432 3742 in-

380 3797 495 3887 juria3
542 3818 607 3865 nec
644 3793 740 3864 aliud
775 3792 845 3864 illis
881 3793 1038 3863 studium
1068 3800 1123 3862 est
1157 3811 1261 3882 quam
1296 3813 1318 3859 a
1353 3785 1432 3858 Deo

386 3912 546 3983 homines
571 3933 718 3983 avocare
742 3919 779 3981 et
804 3912 849 3980 ad
872 3909 1158 4002 superstitionem
1181 3908 1234 3978 sui
1258 3906 1303 3976 ab
1328 3904 1434 3975 intel-

386 4026 482 4100 lectu
499 4051 590 4098 verse
613 4026 792 4120 religionis
814 4035 983 4107 avertere,
1008 4033 1045 4094 et
1068 4045 1150 4094 cum
1172 4023 1244 4092 sint
1266 4022 1332 4114 ipsi
1360 4041 1484 4113 pre-30

385 4145 491 4229 noles
510 4167 664 4239 quaerere
681 4144 747 4215 sibi
764 4145 809 4215 ad
826 4165 966 4237 poenam
979 4142 1128 4213 comites
1141 4161 1228 4232 quos
1241 4139 1285 4209 ed
1299 4137 1433 4207 crimen

385 4283 488 4330 suum
525 4261 674 4332 fecerint
712 4270 844 4332 terrore
880 4259 1078 4352 participes.
1130 4256 1181 4326 Hi
1218 4263 1338 4324 tamen
1372 4251 1433 4320 ad-

378 4377 488 4468 jurati
518 4399 582 4469 per
611 4377 730 4448 Deum
756 4399 878 4447 verum
908 4399 931 4446 a
955 4374 1065 4454 nobis,
1091 4373 1212 4444 statim
1238 4371 1369 4442 cedunt
1395 4379 1433 4440 et
