3294 5192
294 552 513 618 CANONES
536 555 720 622 NICAENI
745 556 1176 623 CONCIL.UN1VERS.
1220 559 1283 627 871

631 834 816 912 KANuN
844 834 887 912 B.

288 988 436 1089 Ἐπειδὴ
453 989 581 1070 πολλὰ
597 992 675 1092 ἤτοι
693 989 763 1072 ι’πὸ
781 988 940 1092 ἀνάγκης
957 987 981 1091 ἦ
1004 991 1129 1075 ἄλλως
1146 991 1284 1093 ε’πειγο-

233 1118 349 1218 μένων
366 1124 439 1198 τῶν
463 1117 662 1222 ἀνθρώπων
681 1117 819 1216 ἐγένετο
846 1117 946 1221 παρὰ
972 1115 1036 1199 τόν
1060 1117 1194 1199 κανόνα
1220 1116 1285 1199 τόν

233 1241 545 1345 ἐκκλησιαστικὸν,
572 1243 668 1326 ὥστε
695 1244 905 1348 ἀνθρώπους
931 1242 1004 1325 ἀπὸ
1036 1247 1175 1326 ε’θνικοῦ
1200 1247 1283 1340 βίον

205 1372 314 1473 sopri
339 1368 611 1474 προσελθόντας
637 1377 683 1477 τῇ
709 1372 847 1469 πίστει,
875 1374 933 1450 καὶ
960 1372 998 1450 ἐν
1027 1372 1142 1479 ὀλίγῳ
1163 1369 1282 1481 χρόνῳ

232 1496 510 1602 κατηχηθέντας,
550 1494 651 1580 εὐθὺς
681 1499 738 1576 ἐπὶ
774 1495 816 1576 τὸ
852 1495 1091 1596 πνευματικὸν
1128 1497 1282 1602 λουτρὸν

231 1625 341 1728 ἄγειν,
359 1628 419 1705 καὶ
445 1623 519 1724 ἅμα
542 1630 594 1732 τῷ
622 1627 870 1722 βαπτισθῆναι
896 1623 1098 1728 προσάγειν
1125 1631 1174 1709 εἰς
1200 1629 1277 1706 ἔτι·

231 1751 389 1853 σκοπὴν,
410 1750 434 1852 ἢ
452 1758 500 1836 είς
521 1750 791 1855 πρεσβυτέριον·
821 1758 940 1834 καλῶς
968 1751 1090 1858 ἔδοξεν
1108 1753 1200 1857 ἔχειν
1217 1762 1282 1834 τοῦ

230 1887 360 1960 λοιποῦ
378 1879 488 1980 μηδὲν
505 1887 644 1959 τοιοῦτο
661 1878 836 1979 γίνεσθαι.
884 1880 942 1956 καὶ
969 1877 1042 1981 γὰρ
1064 1883 1123 1959 καὶ
1149 1877 1282 1984 χρόνον

186 2011 286 2086 ῐῠδεῖ
299 2011 351 2113 τῷ
370 2006 636 2114 κατηχουμένῳ,
657 2007 717 2083 καὶ
743 2001 834 2102 μετὰ
855 2001 897 2083 rb
915 2001 1109 2104 βάπτισμα
1128 2009 1276 2106 δοκιμα-

229 2135 313 2217 σίας
330 2134 506 2217 πλείονος.
557 2131 675 2238 σαφὲς
701 2127 774 2233 γὰρ
800 2128 843 2209 τὸ
866 2128 1112 2210 ἀποσπολικὸν
1129 2129 1280 2236 γράμμα

228 2260 271 2341 τὸ
289 2260 414 2363 λε’γον,
437 2259 544 2361 Μηδὲ
563 2256 745 2366 νεόφυτον,
763 2257 822 2336 ἵνα
838 2255 888 2357 μὴ
911 2261 1087 2364 τυφωθεὶς
1105 2264 1153 2342 είς
1171 2261 1281 2363 κρίμα

228 2389 369 2494 ἐμπεση
383 2390 441 2467 καὶ
459 2388 597 2489 παγίδα
613 2393 678 2465 τοῦ
695 2383 881 2480 διαβόλου·
913 2390 942 2462 εἱ
961 2383 999 2462 δὲ
1016 2383 1204 2487 προϊόντος
1216 2396 1281 2468 τοῦ

227 2511 360 2620 χρόνου
377 2511 535 2622 ψυχικόν
552 2547 587 2592 τι
606 2509 800 2615 ἁμάρτημα
824 2511 1077 2614 εὑρεθείηπερὶ
1095 2507 1137 2589 rb
1154 2511 1277 2614 πρόσ-

182 2673 216 2734 ¹5
229 2678 337 2741 ωπον,
356 2647 414 2722 καὶ
442 2642 625 2746 ἐλέγχοιτο
654 2636 723 2718 ὑπὸ
742 2639 806 2718 δύο
824 2635 847 2738 ἢ
865 2644 973 2742 τριῶν
989 2637 1191 2742 μαρτύρων,
1209 2673 1275 2719 πε-

225 2769 381 2849 παίσθω
410 2771 430 2848 ὁ
454 2777 613 2852 τοιοῦτος
637 2773 702 2846 τοῦ
734 2764 882 2870 κλήρου.
927 2767 948 2846 ὁ
978 2765 1016 2844 δὲ
1040 2764 1140 2870 παρὰ
1165 2774 1280 2846 ταῦτα

224 2903 352 2992 ποιῶν,
382 2899 431 2980 ὡς
454 2895 644 2974 ὑπεναντία
673 2899 719 2996 τῇ
748 2889 892 2996 μεγάλῃ
924 2890 1066 2999 συνόδῳ
1094 2891 1275 2996 θρασυνό-

224 3055 339 3122 μενος,
358 3021 464 3106 aurbs*
481 3018 699 3101 κινδυνεύσει
715 3020 797 3121 περὶ
814 3015 878 3095 τὸν
896 3022 1044 3121 κλῆρον.

768 3277 855 3334 tiemo
865 3275 1036 3354 probatione
1049 3274 1273 3355 quamplurimo.

768 3355 927 3415 Manifesta
951 3367 996 3416 eet
1016 3355 1093 3415 enim
1115 3355 1274 3434 npontolieo

265 3437 411 3511 Quoniam
433 3435 517 3516 plura
535 3445 587 3494 eut
604 3454 656 3514 per
676 3453 724 3492 ne·
768 3437 921 3515 scriptura,
935 3455 1000 3514 qun
1014 3435 1103 3505 dioit;
1126 3456 1184 3493 non
1202 3455 1273 3492 neo.

223 3519 396 3588 cessitatem,
408 3527 460 3575 out
472 3515 542 3574 eliae
556 3515 727 3594 ungentibus
768 3516 903 3596 phytum,
918 3537 955 3574 ne
977 3517 1006 3574 in
1027 3516 1191 3595 superbiam
1213 3515 1273 3573 eie.

222 3599 399 3668 hominibus,
416 3597 554 3656 adversus
575 3594 725 3654 ecclesius-
766 3609 815 3658 tue
850 3597 881 3654 in
913 3596 1056 3673 judicium
1092 3594 1212 3661 incidet,
1241 3605 1272 3653 et

222 3679 309 3737 tinem
332 3679 410 3737 fecte
437 3686 506 3737 sunt
528 3675 667 3754 regulum,
691 3686 725 3732 ut
767 3679 902 3755 loqueum
917 3675 1033 3734 diaboli.
1076 3675 1108 3734 Si
1120 3694 1189 3734 vero
1202 3695 1270 3754 pro·

221 3757 353 3817 hominen
374 3779 411 3817 ex
432 3755 533 3836 gentili
552 3758 612 3815 rite
632 3773 727 3833 nuper
767 3778 849 3818 oessu
883 3757 1023 3835 temporie
1061 3753 1179 3833 aliquod
1218 3754 1270 3813 de.

221 3838 438 3898 accedentesnd
453 3837 724 3902 fidem,etinstruc-
767 3839 869 3897 lictum
892 3837 995 3894 onimae
1017 3837 1092 3896 oiroe
1115 3853 1270 3915 personum

220 3929 267 3977 ton
280 3919 360 3977 brevi
381 3931 521 3996 tempore,
537 3936 604 3975 mox
626 3915 663 3974 od
683 3915 724 3972 lo·
766 3917 927 3998 reperiatur
941 3915 1118 3993 hujusmodi,
1130 3915 1271 3974 etuduu-

220 4017 340 4057 reorum
368 3997 497 4078 epiritnle
519 3997 721 4075 perducerent,
765 3999 820 4056 bus
839 3996 886 4056 vei
908 3997 1002 4056 tribus
1023 3997 1147 4055 testibus
1167 4013 1271 4074 orgue-

220 4077 374 4155 eimuique,
388 4089 422 4136 ut
436 4076 576 4154 baptizoti
593 4085 672 4144 nunt,
687 4073 724 4134 od
766 4089 831 4136 tur:
853 4075 961 4135 eciero
974 4077 1042 4136 telis
1055 4077 1208 4134 abstinent.
1237 4073 1271 4133 Si

219 4158 429 4236 episcopatum,
448 4155 494 4214 vel
514 4155 550 4213 ed
572 4157 721 4235 presbyte-
765 4157 831 4234 quie
844 4166 942 4214 autern
957 4167 1062 4236 preter
1081 4157 1142 4214 haec
1157 4155 1269 4221 feeerit,

219 4238 295 4296 rium
309 4247 528 4316 promoverent:
541 4237 651 4374 optime
652 4236 722 4374 ple·
766 4236 847 4314 quasi
876 4246 977 4294 contre
1007 4255 1145 4314 magnum
1173 4234 1269 4294 conoi-

218 4317 291 4386 ooit,
307 4315 380 4376 nibil
393 4315 453 4376 tole
467 4316 504 4374 de
524 4317 638 4395 reiquo
672 4315 724 4375 eri.
765 4316 837 4375 lium
852 4335 883 4374 ee
896 4315 1035 4376 efferent:
1059 4317 1122 4396 ipse
1135 4315 1172 4374 de
1185 4314 1269 4374 cleri·

218 4396 297 4456 Num
320 4407 350 4456 et
374 4408 505 4476 tempore
526 4417 600 4476 opus
621 4407 665 4456 eut
684 4397 723 4464 ei.
765 4407 847 4456 cotue
861 4395 971 4458 bonore
985 4396 1207 4478 periclitabitur.

216 4477 267 4554 qui
289 4477 497 4545 oetechizetnr,
516 4488 547 4537 et
567 4489 634 4557 poet
655 4477 725 4556 bap·

366 3323 518 3384 CANON
540 3323 582 3382 11.
