3326 5200
403 444 467 511 190
735 443 1116 506 ANNOTATIONES

399 616 526 715 haereses
554 635 652 715 ornnes
680 615 717 678 de
742 617 906 679 testimonio
932 625 1102 714 temperant
1120 613 1328 714 eompepdione
1345 615 1449 715 figere,

394 699 1450 871 tttldllttttttltttttlttwttnttt

401 872 561 937 eruditum
575 872 599 936 J
600 894 735 937 oannem
748 873 839 957 Kaye
852 873 1100 937 Lineolniensem
1112 872 1293 957 episeopum
1307 872 1341 936 in
1355 894 1451 956 opere

402 958 539 1044 Anglioa
553 958 661 1044 lingua
675 959 864 1044 conscripta
881 960 931 1023 oui
949 960 1061 1025 titulus
1076 959 1159 1022 Hist.
1175 957 1260 1024 Eoel.
1276 959 1352 1022 Sero.
1368 958 1400 1022 ii.
1416 965 1450 1022 et

401 1044 444 1109 iii.
460 1067 496 1108 en
511 1045 643 1131 Scriptis
661 1045 847 1110 Tertulliani
860 1046 1016 1110 illustrate
1030 1067 1062 1130 p.
1076 1065 1131 1130 50.

446 1131 605 1196 Oaeterum
627 1131 652 1194 si
679 1132 749 1216 quis
772 1141 904 1218 proptor
927 1131 1053 1196 initium
1074 1131 1168 1216 hujus
1190 1129 1288 1215 ipsius
1307 1130 1345 1193 de
1359 1130 1449 1192 Prte-

400 1218 563 1302 scriptione
585 1217 807 1281 Hoerete'eororn
830 1217 925 1282 libelli
950 1219 1053 1304 ipsum
1079 1217 1236 1299 ἀκέφαλον
1257 1223 1351 1301 putet
1370 1237 1448 1293 esse,

402 1303 493 1387 quasi
517 1303 591 1367 olim
618 1304 837 1387 precesserint
861 1304 1011 1368 nonnulla
1034 1311 1146 1367 eontra
1169 1302 1306 1367 haereses
1327 1301 1450 1385 aliquot

402 1389 620 1558 tutet?
636 1387 1450 1562 ttttttttt‘tttltt‘’tt'tlttttttt

600 1524 606 1538 ·
932 1526 940 1554 r
1131 1525 1139 1552 e

401 1571 443 1625 est
454 1584 475 1625 o
484 1561 567 1625 notis
577 1561 721 1625 adversm
730 1561 854 1626 toereses
864 1585 961 1626 onnes
973 1563 1061 1625 oestro
1071 1571 1099 1626 et
1104 1561 1449 1646 justisproeseriptioni-

401 1647 455 1711 dos
477 1647 664 1732 repellendas
687 1671 708 1712 o
734 1649 888 1713 collatione
914 1649 1158 1733 Somptnrornnn.
1203 1648 1251 1711 De
1274 1647 1398 1731 reliquo,
1422 1646 1451 1709 ei

403 1734 465 1797 Dei
484 1735 590 1818 prnts'n
611 1735 764 1809 annnam,
787 1737 879 1798 etimne
901 1734 1074 1820 specialiter
1094 1732 1275 1819 quibusdem
1294 1732 1449 1817 responde

402 1818 508 1883 timna
554 1820 599 1883 Et
617 1821 776 1904 (latomus
791 1821 917 1905 quidem
932 1820 1154 1884 Horetieorsnn
1169 1819 1241 1883 huie
1255 1819 1337 1883 libro
1352 1840 1449 1903 quan-

402 1907 507 1990 doque
521 1914 675 1990 tanquam
697 1928 772 1991 pars
794 1908 862 1992 ejus
880 1906 1027 1992 subjungi
1047 1907 1136 1970 solet.
1183 1905 1273 1969 Idem
1289 1927 1363 1969 vero
1378 1925 1449 1968 eum

401 1992 435 2055 in
464 1992 534 2057 aliis
563 1992 804 2077 exemplaribus,
831 2000 902 2058 tum
928 2015 1001 2056 vero
1030 1992 1063 2056 in
1094 1991 1312 2078 Hirsaugiensi
1342 1991 1450 2055 codiee

402 2079 432 2142 ei
447 2079 658 2163 praeoedebat.
693 2079 757 2142 Sed
772 2080 812 2143 de
826 2080 887 2143 hoe
901 2078 1062 2164 opuscula
1079 2078 1163 2162 quod
1174 2077 1257 2141 elida
1271 2077 1414 2163 profeoto
1429 2100 1450 2140 a

403 2164 600 2229 Tertulliano
615 2164 778 2249 scriptoris
792 2165 918 2229 videtur
932 2187 1009 2241 esse,
1026 2165 1097 2249 plus
1111 2164 1204 2228 inira.

447 2249 485 2313 P.
500 2268 570 2314 122.
593 2249 615 2311 l.
636 2268 684 2315 12.
707 2251 791 2334 quod
817 2257 944 2315 tantum
970 2251 1107 2314 haereses
1132 2249 1267 2324 valeant,
1295 2255 1450 2333 quantum

403 2335 482 2423 sint]
501 2335 594 2400 Istud
614 2345 761 2483 parentant
781 2337 842 2400 siret
864 2336 1011 2402 editionis
1030 2335 1181 2422 principis
1200 2335 1294 2399 leotio
1313 2342 1363 2399 est
1378 2357 1450 2420 pro

402 2421 501 2484 bante
514 2421 614 2484 Peme
628 2421 665 2498 'o‚
678 2421 789 2487 itidem
798 2421 823 2484 J
824 2423 898 2486 unio
914 2422 946 2486 in
961 2423 1047 2486 notis
1060 2420 1191 2486 editioni
1203 2421 1449 2486 Franekerianae

403 2507 544 2584 adnexis,
560 2507 615 2570 ubi
629 2507 685 2584 ait,
700 2514 718 2542 “
731 2507 839 2585 Recte,
856 2530 931 2572 nom
945 2509 979 2572 τὸ
994 2508 1072 2572 εἶναι
1086 2508 1249 2572 hoereeeon
1264 2507 1367 2571 valere
1381 2515 1446 2580 est;

405 2599 424 2628 ‘6
603 2593 610 2607 ⁶
945 2620 951 2634 .
1138 2595 1145 2608 '

405 2685 424 2714 ιι
440 2614 702 2743 ttttttltt
719 2593 1448 2755 Vtttttttntttttt„tttltt:

403 2765 489 2865 apud
505 2764 690 2846 Quintinum
712 2765 745 2828 in
768 2766 906 2831 editione
928 2767 1022 2851 hujus
1044 2772 1213 2842 tractatus,
1233 2765 1450 2850 Gallioumque

403 2850 543 2934 ejusdem
566 2850 772 2936 interpretem
796 2852 982 2917 Maoerium.
1031 2853 1184 2931 Quantum
1204 2861 1282 2928 eant,
1298 2851 1449 2915 exhibent

404 2936 590 3013 Delaeerda
617 2937 671 3021 qui
695 2938 926 3002 Tertullianum
955 2938 1057 3003 edidit
1084 2938 1215 3002 Parisiis
1244 2960 1328 3001 anno
1357 2943 1447 3022 1630,

404 3021 664 3108 Christianusque
681 3023 789 3109 Lupus
811 3027 843 3088 in
866 3025 943 3088 edit.
960 3024 1054 3108 hujus
1076 3023 1170 3088 libelli
1187 3023 1343 3088 Bruxellis
1364 3044 1449 3088 auno

408 3109 465 3191 167
468 3129 488 3192 5
514 3109 601 3194 typis
625 3111 789 3174 mandata.
834 3110 899 3174 Hie
922 3110 1007 3174 enim
1029 3110 1196 3174 lectionem
1223 3109 1448 3196 Rigaltianam‚

404 3194 558 3274 Quantam
571 3196 599 3258 si
609 3217 668 3259 non
674 3198 832 3280 sansoni?
848 3196 1045 3282 repudiavit;
1062 3197 1151 3280 eujus
1165 3197 1291 3280 quidem
1306 3195 1450 3259 lectionis

403 3281 493 3380 origo
509 3281 577 3344 haeo
599 3281 670 3346 fuit.
716 3282 770 3345 Ad
793 3283 967 3368 marginem
989 3282 1109 3347 seilicet
1130 3283 1278 3347 editionis
1299 3281 1449 3367 prineipis

403 3367 445 3431 ab
460 3389 529 3452 ipso
543 3367 665 3431 editore
680 3367 783 3432 Beato
798 3369 953 3432 Rhenano
967 3368 1106 3453 positum
1120 3376 1179 3444 est,
1190 3367 1290 3445 Alide,
1303 3377 1450 3454 qnnmenn

402 3453 472 3529 siret,
490 3453 635 3535 fuissent.
680 3453 725 3518 Et
739 3455 782 3518 ad
804 3454 933 3518 tertiam
956 3454 1126 3518 editionem
1148 3477 1238 3519 suam
1253 3454 1447 3537 ann01528.

403 3538 486 3602 idem
502 3539 674 3603 Rhenanus
688 3540 749 3603 hoe
763 3540 938 3618 annotavit,
956 3549 975 3576 “
985 3540 1174 3626 Scripsimus
1189 3551 1334 3627 qnantum
1348 3541 1377 3604 si
1391 3560 1449 3603 non

404 3625 574 3707 “sitissent
605 3625 874 3690 consentientibus
903 3626 1134 3712 exemplaribus
1163 3626 1334 3711 plurimis.”
1380 3627 1448 3689 Me

402 3718 570 3795 metatque
584 3710 617 3773 in
632 3710 692 3774 hae
707 3719 799 3795 parte
815 3711 1008 3776 Vaticanum
1031 3714 1171 3777 eodieem
1190 3714 1260 3777 MS.
1278 3712 1447 3776 Pamelius.

403 3796 486 3861 Tum
500 3797 622 3860 veroin
637 3797 714 3860 edit.
728 3797 831 3861 Paris.
848 3803 925 3882 1556
942 3821 1067 3873 excusa,
1081 3821 1151 3882 quae
1167 3800 1303 3884 quidem,
1320 3808 1357 3862 ut
1372 3798 1446 3872 dixi,

403 3882 583 3948 Gelenianae
606 3881 755 3967 repetitio
777 3889 836 3960 est,
851 3884 911 3948 hoe
933 3893 1034 3962 extat,
1053 3885 1206 3965 Quantum
1227 3907 1285 3948 non
1304 3885 1447 3960 poterent,

401 3970 429 4032 si
443 3991 502 4032 non
507 3969 652 4052 fuissent.
697 3968 799 4032 Immo
814 3977 925 4034 extare
939 3971 1021 4034 hane
1035 3971 1203 4036 lectionem
1218 3994 1300 4036 nune
1311 3972 1401 4035 video
1416 3970 1449 4032 in

402 4055 541 4120 editione
557 4054 660 4119 Paris.
676 4075 760 4119 anno
776 4075 856 4140 1545
872 4077 893 4120 a
911 4057 1085 4143 Gongneia
1102 4064 1139 4122 ut
1154 4059 1264 4135 fertur,
1281 4058 1447 4132 adornata„

425 4141 541 4226 uinque
570 4163 671 4206 annos
699 4148 776 4206 ante
805 4141 906 4228 ipsam
933 4144 1140 4208 Geleniauam
1170 4144 1255 4230 typis
1284 4143 1447 4228 impressa.

402 4163 547 4310 benique
571 4248 631 4310 ope
654 4249 730 4291 usus
754 4229 982 4315 exemplarium
1004 4229 1170 4315 Agebardi
1195 4237 1229 4294 et
1251 4229 1450 4294 Divionensis

404 4312 571 4412 ltigaltius,
587 4319 695 4397 spreto
713 4313 834 4398 judioio
857 4315 999 4392 Pamelii‚
1022 4323 1056 4380 et
1070 4315 1171 4393 lunii,
1194 4315 1280 4393 illud,
1302 4324 1450 4401 qrtontnm

401 4421 429 4464 ss
454 4419 513 4462 non
533 4398 676 4482 suessent,
707 4419 779 4462 eum
804 4398 1062 4486 interrogationis
1091 4401 1191 4487 siguo,
1216 4401 1249 4465 in
1277 4401 1449 4467 editionem
