3326 5200
386 495 636 560 ADVERSUS
659 495 822 559 OMNES
846 495 1087 559 HAERESES.
1198 495 1260 557 221

212 667 422 753 praeoedentis
444 673 477 732 et
499 665 654 752 principio
675 666 837 750 mquentis
856 665 969 730 inseite
991 665 1161 732 conflatam
1183 689 1261 746 esse,

213 759 312 854 atoue
326 753 409 818 hano
424 753 640 838 conjecturam
655 774 719 817 non
734 773 864 839 possum
879 751 954 836 quin
968 753 1112 837 probem.
1145 752 1169 816 J
1171 775 1264 817 nurus

214 861 264 903 om
300 839 406 903 uidem
421 838 563 904 adsentit
579 837 747 903 Ssmlerus.
793 839 841 902 At
855 858 930 902 vero
945 859 1053 902 vocem
1073 861 1170 904 semrom
1188 839 1263 904 reti-

214 861 352 989 nenium
374 925 435 990 hoe
458 924 527 989 looo
549 947 627 1002 esse,
644 925 756 1008 cuique
776 923 900 1008 patebit
916 923 1146 988 Tertullianum
1168 926 1263 1011 inspi-

214 1011 309 1075 cienti
335 1011 369 1074 in
393 1011 475 1075 libro
496 1011 594 1075 Ades.
623 1010 852 1074 Valentinianos
873 1031 964 1095 capp.
982 1028 1011 1093 7.
1029 1017 1063 1075 et
1078 1030 1130 1096 25.
1146 1011 1201 1075 ubi
1222 1012 1263 1076 de

215 1097 265 1160 his
279 1097 372 1183 nugis
386 1097 579 1184 disputatur.
966 1181 973 1196 ι
1096 1181 1125 1198 ..
1226 1183 1234 1200 υ

315 1182 561 1380 sess
577 1182 1263 1354 spississimis

216 1380 252 1417 Κᾱ
292 1381 315 1417 ω
336 1379 362 1418 v.

259 1361 340 1503 liii.
355 1440 376 1503 l.
394 1457 444 1524 23.
461 1439 493 1502 in
516 1437 739 1524 desectionem]
765 1437 918 1503 Fortasse
941 1439 1001 1518 hic,
1026 1445 1060 1504 et
1082 1448 1204 1539 postea,
1228 1443 1263 1506 im

213 1525 375 1609 desectione
396 1525 573 1611 legendum,
617 1531 691 1590 rout
713 1525 745 1588 in
767 1525 838 1588 edd.
855 1523 977 1608 aliquot
997 1526 1156 1592 scribitur.
1201 1529 1262 1593 Ae

213 1617 322 1676 tamen
337 1611 420 1676 infre
440 1611 540 1676 habes
554 1611 587 1675 in
632 1610 778 1674 irmilieni
793 1609 942 1694 moola,
959 1633 1030 1696 cap.
1044 1613 1074 1676 8.
1090 1613 1125 1675 im
1146 1615 1263 1678 ectasin

212 1698 384 1762 mumiloto.
427 1699 587 1763 Ooeterum
605 1697 652 1761 ait
673 1696 887 1760 Tertullianus
906 1697 1002 1760 Ades.
1034 1697 1263 1764 Valentinianos

214 1803 282 1867 oap.
297 1803 346 1847 10.
369 1783 473 1866 Hujus
485 1782 599 1867 (Hori)
704 1783 787 1845 imm
800 1803 901 1866 opero,
911 1792 939 1846 el
953 1804 1120 1867 repressam
1136 1783 1175 1848 ob
1189 1785 1262 1849 imli·

213 1869 291 1945 citis,
307 1878 335 1933 et
342 1879 512 1954 perpetem
525 1891 547 1932 o
561 1891 589 1932 m
625 1870 661 1946 is,
677 1877 705 1932 ei
718 1868 857 1952 deinceps
871 1870 1076 1950 omflmootom
1091 1870 1260 1954 Sophiam,-

212 1963 242 2017 ατ
262 1953 397 2040 conjupio
419 1956 597 2031 renitentem,
614 1964 642 2019 et
660 1955 761 2039 ierom
781 1953 903 2038 quidem
924 1954 959 2016 io
977 1954 1157 2038 pleromatis
1175 1977 1263 2020 emesa

213 2041 399 2104 mammam.
444 2040 642 2124 Enthymesin
667 2061 735 2103 cero
762 2043 869 2124 (qrtom
894 2047 922 2102 et
939 2039 1123 2104 Achamoth
1147 2053 1260 2120 omont,

213 2125 311 2190 verbo
335 2125 448 2190 lrenaei
474 2133 549 2190 sunt
575 2125 628 2190 lib.
653 2125 678 2188 Ι.
702 2124 771 2188 init.
798 2146 867 2208 cap.
889 2144 920 2204 4.
944 2146 1080 2209 quocum
1103 2128 1262 2193 consentit

214 2211 428 2276 Tertullianus
442 2233 511 2296 cap.
527 2231 577 2291 14.
594 2219 628 2275 et
641 2211 733 2291 alibi)
749 2209 812 2292 ejus
826 2219 854 2273 et
868 2209 956 2274 illum
969 2212 1167 2296 appendicem
1181 2215 1262 2278 Pos-

212 2297 323 2360 eiomem
337 2295 375 2361 ab
390 2298 475 2362 Hom
488 2297 652 2382 relepotom
665 2306 694 2360 et
703 2296 890 2377 massaum,
902 2306 931 2360 et
940 2307 1027 2361 eetro
1041 2319 1108 2361 eum
1114 2300 1259 2382 saetosa,-

215 2382 338 2460 melem,
446 2384 545 2460 aiunt,
552 2384 654 2466 sorae.
700 2381 781 2446 Haee
796 2381 1020 2447 Tertullianus.

258 2466 340 2532 Ibid.
367 2516 374 2532 .
390 2471 441 2536 26.
458 2468 544 2532 dioto
559 2468 582 2532 J
583 2491 643 2544 ως
660 2469 721 2532 hoc
735 2467 954 2553 pronuntiatio
969 2469 1124 2555 appellat]
1140 2471 1261 2536 Vocem

212 2555 275 2618 Joo
300 2555 479 2618 nescierunt
505 2554 660 2619 editiones
684 2561 759 2619 ante
786 2553 972 2635 Pamelium,
1000 2556 1053 2640 qni
1077 2556 1261 2624 Macareum

213 2647 340 2705 secutus
363 2647 421 2716 est,
438 2639 594 2704 Gallicum
616 2641 710 2724 hujus
731 2639 827 2704 libelli
848 2639 1066 2726 interpretem,
1082 2664 1122 2706 ex
1138 2643 1261 2708 Irenaeo

213 2733 247 2790 et
262 2725 442 2811 Epiphanio
463 2726 567 2789 locum
589 2725 809 2812 corrigentem.
857 2725 1039 2812 legendum
1059 2750 1134 2793 vero
1155 2731 1263 2794 messim

213 2832 271 2895 pro
300 2812 436 2889 miserm,
467 2812 552 2896 quod
580 2812 701 2876 habent
729 2812 821 2876 editt.
852 2812 1068 2878 Rhenanianae
1097 2822 1131 2878 et
1157 2815 1260 2879 Paris.

214 2904 360 2998 utraque·
382 2897 504 2998 primus
519 2904 742 3045 ¹proposuerat
772 2897 929 2996 Latinius.
975 2898 1030 2963 Ad
1058 2900 1163 2977 verbe,
1194 2901 1262 2964 Hoc

208 2982 1260 3154 &wllitiitessllltlsmttlaaillzllllt

214 3161 234 3189 “
248 3153 275 3216 si
290 3153 386 3231 dicat,
398 3153 463 3218 tale
478 3154 613 3218 sortitur
626 3174 741 3216 nomen
756 3151 808 3215 ille
822 3153 1006 3237 pleromatis
1017 3163 1133 3232 custos,
1146 3155 1260 3221 alludit

214 3245 234 3274 “
248 3238 290 3302 ad
304 3238 589 3303 Heraclemiiommm
599 3247 627 3302 et
637 3237 860 3301 Morcesiomem
870 3237 1014 3316 haeresim
1025 3261 1106 3324 ques,
1121 3241 1260 3324 (lrenaeo

214 3331 234 3361 “
248 3323 302 3388 lib.
332 3323 358 3386 l.
384 3346 411 3390 c.
437 3345 467 3408 9.
495 3331 528 3388 et
553 3323 733 3424 Epiphanio
762 3323 837 3387 luer.
862 3343 914 3408 34.
937 3324 1089 3406 testibus)
1120 3327 1180 3390 hoc
1204 3327 1259 3391 ed·

215 3417 235 3445 “
249 3410 404 3486 struebat,
435 3409 520 3495 qnod
549 3431 670 3494 primus
700 3409 751 3473 ille
783 3418 885 3494 poter,
917 3410 970 3494 qui
1007 3411 1089 3476 infra
1118 3420 1258 3492 vocatur,

214 3502 234 3530 “
249 3496 406 3594 Pompeios
418 3496 540 3578 Bythos,
559 3495 796 3596 pronunciando
817 3505 851 3558 et
872 3497 1042 3580 aperiendo
1054 3520 1100 3597 ‘os
1116 3498 1260 3563 Verbum

214 3581 1260 3766 31{lille“lffltlmfflelll'sstzlttttffltll“e

215 3759 235 3788 “
250 3751 326 3816 rllurl
342 3752 423 3815 infra
438 3753 478 3815 de
493 3751 712 3825 Heracleone;
729 3753 783 3816 sed
795 3753 925 3817 metam
939 3755 1068 3839 quodem
1075 3757 1260 3840 prooemio-

215 3844 235 3876 “
250 3837 419 3901 immiscuit
441 3837 544 3901 videri
564 3839 632 3902 olio
651 3839 771 3902 seruire.
815 3839 989 3904 Ialmdocit
1007 3843 1088 3905 mim
1107 3842 1262 3926 imprimis

215 3929 235 3959 “
250 3923 438 4008 iliudsoiese
452 3923 750 4009 quodprmtuotiot.”
766 3923 864 3988 Infra.
897 3926 1055 4012 Rigaltius
1069 3934 1177 3992 eutem
1191 3929 1258 4002 ait;

213 4015 235 4052 l‘
252 4007 391 4074 Videtur
408 4008 528 4094 aliquid
550 4010 667 4087 deesse,
706 4009 769 4072 uod
791 4010 930 4094 suppleri
951 4019 1060 4096 posset
1074 4035 1114 4077 ex
1136 4013 1174 4076 iis
1189 4035 1260 4098 quae

216 4101 235 4130 ‘⁸
251 4093 400 4180 legsmtur
427 4094 482 4158 lib.
509 4095 661 4159 adversus
684 4032 928 4160 l'alentinianos
956 4119 1030 4183 pag.
1058 4099 1131 4180 296.
1184 4100 1261 4163 Tem

216 4187 235 4215 “
250 4180 505 4264 imepommrefiliae
519 4182 700 4257 occsem'sset,
716 4190 749 4243 oi
763 4181 855 4244 etiam
869 4181 1089 4248 memineritis
1103 4207 1179 4262 eom,
1188 4186 1260 4262 Jmn,

216 4273 235 4301 “
249 4265 347 4350 quasi,
363 4266 464 4329 Porro
481 4267 633 4346 Quirites!
648 4275 712 4342 om,
723 4265 836 4329 Fidem
849 4267 1000 4332 oasam!
1016 4270 1096 4334 Inde
1110 4271 1264 4335 imomelor

216 4357 235 4387 ‘⁸
249 4352 312 4416 Joo
327 4350 361 4414 im
371 4351 560 4436 scriptoris?
576 4351 734 4437 (cnp.14.)
761 4351 841 4416 Haec
853 4351 912 4416 ille.
941 4353 1049 4420 Antea
1057 4357 1133 4420 ibin
1149 4379 1217 4442 cap.
1230 4379 1260 4440 9.
