3326 5200
399 474 640 541 EPISTOLA
662 475 730 540 AD
754 475 786 538 S.
810 473 1114 540 CYPRIANUM.
1215 472 1280 538 288

230 651 383 724 chielem
400 658 438 722 et
456 648 653 732 Danielem,
670 650 881 743 posteriores
906 657 1025 731 aetate,
1043 649 1088 719 ad
1105 649 1280 719 unanimi·

230 769 316 840 tatis
333 767 514 838 vinculum
537 768 649 837 virtus
675 766 795 838 divina
818 767 1026 859 conjunxit;
1051 773 1093 836 ut
1119 766 1280 857 quamvis

231 883 450 977 temporibus
492 881 606 976 longis
649 883 791 953 discreti
825 890 954 964 essent,
988 881 1114 952 eadem
1157 888 1278 952 tamen

230 1001 350 1072 divina
365 998 593 1090 inspiratione
610 999 792 1069 sentirent.
836 996 943 1082 Quod
959 1005 997 1068 et
1013 1020 1108 1068 nune
1125 999 1164 1068 in
1180 997 1279 1068 vobis

203 1115 554 1204 sanimadvertimus,
587 1123 629 1185 ut
662 1117 723 1207 qui
761 1115 973 1209 longissimis
1014 1115 1216 1210 regionibus
1257 1139 1279 1186 a

230 1232 331 1303 nobis
348 1231 499 1324 separati
517 1231 612 1313 estis,
629 1253 735 1303 sensu
751 1240 874 1302 tamen
898 1239 937 1302 et
954 1232 1084 1324 spiritu
1096 1231 1279 1324 copulatos

231 1371 293 1419 vos
319 1369 395 1419 esse
418 1347 602 1418 nobiscum
628 1347 833 1440 proberetis.
886 1346 992 1432 Quod
1010 1356 1126 1418 totum
1148 1348 1218 1418 hoc
1237 1348 1279 1418 fit

231 1464 350 1534 divina
382 1465 532 1536 unitate.
585 1462 683 1533 Nam
717 1485 800 1534 cum
837 1463 1013 1534 Dominus
1046 1485 1138 1536 unus
1171 1471 1280 1556 atque

229 1579 326 1650 idem
353 1580 400 1650 sit
425 1581 487 1672 qui
509 1579 648 1650 habitat
672 1581 709 1649 in
734 1579 846 1662 nobis,
872 1580 1057 1675 conjungit
1084 1580 1216 1672 ubique
1241 1587 1280 1650 et

185 1693 374 1788 rooopulat
399 1717 481 1766 suos
503 1694 645 1765 vinculo
671 1695 828 1766 unitatis.
885 1694 992 1767 Unde
1017 1696 1055 1766 in
1079 1697 1441 1766 universammxmc

231 1818 362 1882 terram
396 1813 508 1882 exivit
542 1834 648 1882 sonus
682 1833 815 1893 eorum,
846 1812 907 1902 qui
941 1834 964 1883 u
995 1810 1150 1883 Domino
1181 1811 1278 1880 missi

231 1936 324 2011 sunt,
354 1929 502 1999 unitatis
531 1929 657 2021 spiritu
688 1926 857 1999 velociter
885 1937 1076 2000 curreutes.
1128 1928 1279 1999 Sioute

231 2045 406 2116 contrario
431 2043 520 2115 nihil
546 2045 691 2136 prodest
715 2043 851 2137 aliquos
876 2046 1057 2138 proximos
1076 2051 1114 2114 et
1133 2043 1279 2135 junctos

231 2160 298 2230 sibi
328 2183 404 2232 esse
428 2160 643 2253 corporibus,
665 2161 695 2230 si
720 2161 839 2231 animo
861 2169 900 2232 et
920 2170 1043 2232 mente
1066 2159 1278 2242 dissideant;

187 2278 373 2370 15quendo
389 2276 535 2348 adunari
559 2277 688 2347 animae
714 2278 859 2348 omnino
882 2300 954 2348 non
970 2277 1116 2370 possint,
1133 2300 1214 2369 quae
1240 2299 1278 2346 se

230 2415 253 2464 a
282 2392 352 2464 Dei
382 2393 520 2463 unitate
554 2393 756 2463 diviserint.
794 2391 888 2464 Ecce
923 2394 1029 2476 enim,
1062 2393 1188 2484 inquit,
1216 2391 1407 2519 quirem

229 2509 464 2604 longinquant
488 2531 527 2579 se
551 2507 615 2580 abs
640 2516 688 2592 te
706 2508 893 2601 peribunt·
919 2509 981 2580 sed
998 2508 1090 2580 tales
1099 2467 1325 2601 Judiciumi

231 2623 377 2698 Domini
393 2649 458 2719 pro
475 2626 604 2696 merito
621 2647 686 2696 suo
702 2624 882 2706 subibunt,
901 2625 1107 2696 recedentes
1122 2647 1145 2695 a
1163 2624 1278 2694 verbis

230 2741 392 2834 ejusqui
421 2741 566 2813 Patrem
592 2763 657 2834 pro
685 2742 824 2811 unitate
853 2741 1072 2833 deprecatur,
1102 2747 1140 2810 et
1167 2739 1255 2810 dioit
1268 2751 1442 2810 :luam-v.

185 2855 340 2930 20Pater
356 2857 402 2928 da
417 2865 459 2927 ut
476 2857 654 2949 quomodo
674 2879 741 2951 ego
758 2867 797 2927 et
813 2864 855 2928 tu
880 2878 993 2928 unum
1015 2877 1147 2938 sumus,
1164 2857 1214 2928 sio
1240 2864 1278 2926 et

230 2971 267 3043 hi
284 2975 321 3044 in
338 2973 441 3044 nobis
457 2997 569 3044 unum
586 2974 667 3044 sint.

282 3088 352 3159 III.
372 3087 452 3160 Nos
468 3112 551 3160 vero
577 3112 621 3160 eo
649 3111 727 3180 quae
750 3088 888 3160 anobis
913 3089 1044 3181 scriptu
1068 3099 1161 3171 sunt,
1178 3090 1277 3181 quasi

230 3212 350 3275 nostra
362 3207 503 3298 propria
519 3206 746 3299 suscepimus,
760 3227 826 3276 nec
844 3205 881 3275 in
896 3214 1098 3276 transcursu
1115 3205 1276 3299 legimus,

230 3320 292 3390 sed
335 3343 431 3413 saepe
473 3321 626 3413 repetitu
663 3321 842 3391 memoriae
883 3321 1118 3392 mandamus:
1161 3343 1277 3412 neque

184 3467 219 3528 ²5
231 3434 333 3506 obest
349 3435 497 3506 utilitati
523 3435 676 3518 salutari,
699 3445 762 3507 aut
787 3435 913 3506 eadem
942 3445 1103 3507 retexere
1126 3437 1171 3508 ud
1193 3459 1277 3506 con-

229 3550 438 3623 firmandam
472 3552 670 3633 veritatem,
704 3561 767 3622 aut
799 3561 837 3623 et
871 3553 1034 3644 quaedam
1068 3552 1197 3623 addere
1231 3554 1277 3626 ad

230 3665 480 3739 cumulandam
505 3667 761 3760 probationem.
814 3668 853 3738 si
879 3668 965 3758 quid
987 3676 1109 3738 autem
1134 3669 1277 3739 anobis

230 3781 390 3851 additum
408 3782 525 3865 fuerit,
543 3804 616 3852 nou
641 3783 691 3852 sic
716 3782 858 3852 additur
874 3783 972 3875 quasi
990 3804 1011 3853 a
1029 3782 1127 3852 vobis
1143 3781 1275 3876 aliquid

229 3897 347 3967 minus
374 3898 509 3968 dictum
537 3899 604 3980 sit;
630 3898 691 3968 sed
717 3900 883 3990 quoniam
909 3921 1025 3970 sermo
1047 3899 1187 3970 divinus
1210 3900 1276 3971 hu·

180 4035 370 4108 30manam
388 4021 549 4084 naturam
572 4013 845 4106 supergreditur,
861 4037 928 4086 neo
953 4023 1072 4108 potest
1094 4025 1211 4087 totum
1237 4025 1276 4087 et

229 4128 427 4220 perfectum
457 4130 575 4200 anima
603 4131 812 4222 concipere3
841 4130 971 4202 idcirco
998 4140 1036 4202 et
1065 4139 1187 4202 tantus
1220 4140 1275 4203 ost

229 4265 398 4314 numerus
431 4245 692 4337 prophetumm,
727 4255 768 4316 ut
801 4244 991 4338 multiplex
1025 4247 1144 4318 divina
1184 4249 1275 4340 sapi-

228 4360 327 4430 entia
342 4381 406 4452 per
422 4360 554 4432 multos
571 4361 811 4546 distribuattpr
864 4360 969 4432 Unde
994 4371 1032 4434 et
1049 4371 1166 4435 tacere
1183 4387 1274 4457 prae·
1280 4377 1427 4502 ³⁶for-xiv

729 4497 755 4548 ιι
785 4501 797 4547 ι
