3326 5200
279 508 330 572 IN
354 507 598 572 TERTULL.
621 507 686 571 DE
710 506 1004 572 PRAESCRIPT.
1028 507 1154 573 ΗΕΒ.
1200 510 1261 580 191

216 701 307 744 suam
331 679 540 764 posteriorem
559 679 688 764 recepit,
708 701 778 763 quae
800 700 885 743 anno
904 680 987 763 1634
1007 680 1137 764 prodiit.
1182 681 1263 748 Gon-

211 766 335 851 jecerat
356 773 464 830 autem
489 764 623 830 Latinus
647 764 793 829 Latinius
811 765 845 828 in
867 763 1054 830 Bibliotheca
1079 789 1137 831 sua
1164 771 1264 832 Socra

215 861 243 918 ct
269 852 414 937 Proscuo
439 874 470 937 p.
499 869 569 935 197.
594 851 825 915 emendandum
850 873 929 928 esse,
951 873 1011 914 corr
1035 863 1182 938 quactum
1202 855 1264 918 sint

215 959 274 1024 pro
288 947 435 1023 quantem
448 938 519 1002 siet.
564 937 635 1023 Ego
656 937 743 1002 nulla
764 937 878 1002 harum
903 937 1074 1002 lectionum
1094 947 1264 1004 contentus

215 1045 379 1174 {ilhnic}
396 1023 933 1196 ttttfftttttttttt
951 1033 1098 1174 licii
1117 1027 1264 1198 titt

291 1196 349 1261 int.

216 1218 298 1346 poli.
315 1283 421 1347 1221.
441 1301 490 1366 13.
506 1281 585 1347 (lum
601 1282 677 1366 quid
699 1281 850 1345 sortitum
872 1288 931 1358 est,
950 1289 988 1346 ut
1004 1283 1186 1348 omnimodo
1209 1283 1262 1362 sit,

216 1368 298 1433 sicut
313 1390 441 1432 causam
464 1368 580 1452 accipit
594 1369 635 1432 ob
656 1389 752 1452 quam
772 1367 823 1444 eit,
840 1367 885 1430 sie
899 1367 962 1431 vim
977 1370 1189 1454 consequitur,
1206 1393 1264 1455 per

217 1455 385 1539 quamsit,
409 1477 540 1518 ncesse
564 1475 627 1518 non
652 1451 780 1538 possit]
801 1453 854 1517 lta
879 1475 918 1518 ex
941 1454 1132 1520 editionibus
1156 1457 1264 1542 Rigal-

216 1541 336 1605 tienam
351 1541 613 1606 antecedentibus
627 1540 730 1603 locum
744 1541 980 1623 repraesentavi,
996 1542 1072 1604 dum
1086 1563 1140 1606 occ
1154 1565 1212 1628 pro
1226 1565 1265 1606 ue

215 1627 336 1691 habent
350 1626 441 1691 editt.
453 1648 562 1690 omnes
575 1633 651 1691 ante
662 1625 878 1690 Gelenianam.
902 1625 1059 1712 Rigaltius
1070 1649 1144 1692 vero
1155 1651 1263 1693 vocem

214 1714 292 1777 siud
314 1713 430 1786 omisit,
451 1721 485 1777 et
506 1712 569 1776 iaec
591 1734 649 1797 pro
670 1713 715 1775 sic
734 1712 850 1796 posuit.
897 1712 1006 1775 Minus
1026 1713 1116 1790 bene,
1140 1715 1262 1799 opinor.

217 1799 351 1884 Insuper
373 1798 526 1863 cardinali
546 1798 727 1874 Thomasio‚
748 1797 834 1861 istud
854 1797 928 1862 licet
948 1805 1066 1876 secuto,
1087 1808 1172 1864 teste
1195 1801 1263 1864 viro

215 1887 320 1963 docto,
336 1885 390 1970 qui
402 1886 485 1949 hunc
501 1884 687 1950 Tertulliani
702 1883 818 1946 librum
833 1883 941 1948 Romae
953 1907 1037 1948 anno
1055 1889 1135 1970 1765
1151 1885 1264 1964 edidit,

215 1970 329 2035 clarior
348 1979 382 2036 et
401 1971 567 2038 dilucidior
586 1971 690 2034 altera
710 1969 804 2033 lectio
823 1969 1000 2034 videbatur.
1046 1971 1263 2056 Restituitque

215 2080 285 2121 eam
297 2057 496 2121 Christianus
512 2057 630 2143 Lupus.
668 2056 779 2120 Verba
793 2065 910 2132 autem,
923 2057 985 2119 cim
996 2058 1192 2142 consequitur,
1200 2081 1265 2158 per

214 2165 305 2228 quom
330 2143 380 2219 sit,
406 2143 440 2206 id
465 2143 642 2242 significare
667 2143 802 2219 videtur,
828 2143 967 2227 pendere
991 2143 1038 2207 rei
1059 2143 1262 2208 existentiam

215 2229 354 2293 efficacia
375 2250 451 2302 sua;
477 2251 522 2292 s1c
541 2250 666 2314 quoque
686 2229 785 2292 habes
808 2228 899 2305 infra,
915 2229 989 2292 dum
1005 2239 1140 2314 pessimi,
1155 2230 1263 2294 halent

215 2337 282 2378 csse.
329 2313 540 2378 Nihilominus
562 2336 620 2399 pro
642 2315 748 2379 verbis
767 2314 895 2392 ultimis,
921 2337 975 2379 uec
999 2337 1057 2380 esec
1079 2338 1138 2380 coo
1154 2317 1261 2402 pessit,

215 2401 325 2465 melius
344 2400 412 2465 lore
432 2401 553 2486 opinor,
579 2421 633 2464 nec
653 2410 703 2477 cet,
727 2400 754 2463 si
773 2421 832 2464 oon
847 2403 953 2487 possit.
998 2401 1173 2488 Rescripsit
1188 2425 1263 2466 vero

218 2486 417 2551 Wouwerius
442 2487 476 2550 in
499 2487 672 2551 Emeodutt.
698 2487 838 2571 Epidict.
864 2488 910 2551 cd
936 2489 1036 2573 Opera
1066 2489 1261 2562 Tertulliani,

215 2575 269 2638 Sic
283 2574 345 2636 cim
359 2583 563 2659 consequetur,
573 2573 926 2659 perquiescimus,
942 2595 1000 2638 esse
1014 2583 1047 2638 ut
1055 2576 1160 2660 possit.

259 2659 341 2723 lbid.
367 2660 388 2723 l.
412 2665 459 2723 18.
486 2682 587 2744 neque
617 2660 692 2744 quia
715 2666 764 2722 cst
787 2659 952 2745 miramur]
983 2661 1065 2740 Quia
1087 2662 1174 2746 apud
1203 2661 1263 2724 hos

214 2746 385 2830 scriptores
400 2746 484 2809 valet
499 2745 587 2831 quid.

259 2832 296 2896 P.
317 2831 422 2915 123.l.
441 2849 490 2915 15.
505 2832 602 2897 etiam
625 2838 793 2915 superatus
817 2831 953 2930 recedit]
976 2832 1133 2917 Loquitur
1159 2833 1263 2918 Septi·

215 2918 296 2981 mius
317 2918 377 2981 hoc
399 2918 469 2982 loco
499 2919 539 2983 de
567 2917 762 2983 athletarum
791 2917 1016 3002 compositione
1045 2918 1078 2981 in
1106 2919 1263 3005 agonibus

215 3003 344 3068 usitata.

259 3091 297 3154 P.
313 3109 382 3168 124.
398 3089 419 3153 l.
437 3109 462 3153 1.
478 3111 499 3154 a
519 3088 643 3174 regula]
669 3089 714 3152 H.
740 3110 768 3152 e.
794 3095 832 3152 ut
853 3088 900 3152 ait
926 3087 1083 3153 Semlerus
1108 3088 1261 3154 adedit.

215 3198 306 3240 suam
322 3174 504 3255 Halensem,
520 3197 540 3238 a
555 3174 706 3260 symbolo,
722 3195 743 3238 a
758 3173 819 3237 lide
834 3173 999 3238 catholica.
1026 3175 1093 3238 Adi
1107 3196 1176 3259 cap.
1189 3193 1238 3258 13.

260 3263 297 3326 P.
315 3281 350 3326 12
351 3282 383 3347 5.
399 3261 419 3326 l.
438 3279 488 3346 25.
503 3262 671 3346 adjungat]
691 3260 743 3324 Sic
759 3259 886 3344 quidem
907 3267 981 3345 post
996 3259 1073 3324 odit.
1088 3260 1261 3345 principem

216 3347 357 3433 eliasque
381 3348 481 3412 edidit
503 3347 671 3433 Rigaltius.
718 3345 863 3409 Positum
887 3353 937 3410 cst
960 3345 1102 3432 offecit
1126 3347 1160 3409 in
1184 3345 1261 3411 edit.

216 3434 355 3498 Franelr.
371 3434 456 3518 quod
471 3433 503 3497 in
519 3433 654 3519 Anglieo
671 3433 769 3497 MSto
790 3438 901 3496 extare
921 3431 968 3497 ait
984 3432 1152 3497 Pamelius.
1198 3432 1261 3496 Sed

214 3519 343 3669 ‹gdjryot
363 3520 531 3606 legendum
553 3519 687 3603 conjecit
704 3518 893 3583 Franciscus
907 3517 1035 3596 Junius,
1049 3519 1206 3604 probante
1229 3526 1263 3583 et

240 3610 368 3670 emlero.

260 3692 297 3755 P.
314 3695 384 3758 126.
399 3692 419 3754 l.
437 3693 467 3756 8.
483 3714 554 3756 cum
569 3693 705 3757 maxime
720 3691 834 3755 diverti
849 3692 891 3756 ad
911 3691 1064 3775 ejusmodi
1080 3690 1261 3777 objurgans,

215 3784 249 3841 et
264 3778 380 3842 docens
396 3775 470 3863 dcc]
488 3778 541 3842 Ita
555 3778 620 3842 lere
634 3779 726 3842 editt.
741 3785 817 3842 ante
832 3777 1015 3862 tigurium,
1031 3777 1091 3842 nisi
1113 3779 1198 3860 quod
1219 3776 1265 3840 ed

216 3885 275 3949 pro
289 3863 382 3928 alex
398 3864 511 3928 ultima
530 3865 674 3928 Rhennni
690 3864 766 3928 edit.
782 3872 879 3948 utque
894 3864 970 3927 edit.
988 3863 1159 3927 Parisiensi
1175 3870 1262 3927 utra

217 3972 278 4035 que
293 3951 394 4014 libens
408 3950 543 4034 reposui.
574 3950 674 4014 Recte
688 3951 824 4014 fortasse
839 3949 962 4014 notavit
976 3948 1000 4012 J
1001 3949 1103 4026 unius,
1119 3971 1187 4012 esse
1202 3949 1262 4012 hoc

215 4036 284 4099 loco
299 4058 366 4100 cura
381 4038 512 4100 marimo
527 4036 610 4100 idem
625 4059 664 4100 ae
682 4057 774 4121 quom
788 4036 929 4099 marimo.
974 4035 1026 4099 Sic
1048 4043 1082 4099 et
1096 4034 1171 4098 alibi
1187 4035 1263 4098 Ter-

216 4121 376 4186 tullianus.
423 4122 487 4186 Sed
511 4122 669 4208 Rigaltius
693 4121 809 4206 posuit,
836 4144 904 4184 com
929 4122 1062 4185 mosim
1086 4121 1199 4184 diverti
1224 4119 1263 4184 ed

215 4207 362 4290 cy'zumodi
375 4206 515 4294 objrrrqrt,
531 4209 652 4272 edoceres
667 4210 724 4271 dcc.
773 4207 881 4271 Minus
896 4214 992 4270 recte.

261 4293 342 4358 lbid.
354 4294 374 4358 l.
391 4315 437 4378 ¹5·
452 4301 527 4379 post
541 4295 675 4378 primam
690 4291 938 4441 correptionem)
952 4291 1059 4355 Hodie
1074 4292 1157 4356 hunc
1169 4291 1263 4356 Pauli

219 4378 321 4443 locum
336 4387 521 4445 constanter
535 4379 683 4466 legimus:
707 4381 895 4444 Haereticam
923 4379 1062 4442 sorrieem
1078 4389 1148 4464 pest
1169 4401 1263 4442 eccm

218 4475 273 4529 aet
293 4466 423 4530 alteram
444 4467 655 4550 correptiorem
674 4465 786 4530 demta.
831 4464 963 4531 Codices
977 4463 1074 4548 aliqui
1088 4464 1263 4530 omiserunt
