3294 5192
409 529 475 596 ³74
821 531 1042 598 CANONES

793 812 995 889 ΚΑΝΩΝ
1023 807 1070 896 ς’.

462 955 522 1037 Τὰ
545 960 678 1062 ἀρχαῖα
701 957 764 1059 ἔθη
792 960 973 1062 κρατείτω,
991 957 1039 1039 τό
1063 961 1102 1040 ἐν
1121 957 1296 1069 Αίγόπτῳ
1315 964 1374 1041 καὶ
1392 967 1458 1042 Λι-

405 1083 478 1189 βύη
509 1086 568 1162 καὶ
599 1085 837 1184 Πενταπόλει,
862 1084 957 1165 ὥστε
985 1084 1050 1165 τόν
1074 1088 1351 1194 Ἀλεξανδρείας
1376 1090 1454 1169 ἐπί-

406 1245 547 1291 σκοπον
570 1210 717 1291 πάντων
741 1212 877 1292 τούτων
907 1212 998 1317 ἔχειν
1029 1211 1097 1313 τὴν
1127 1213 1308 1320 ἐξουσίαν.
1339 1214 1458 1315 ἐπειδὴ

406 1339 465 1416 καὶ
482 1343 534 1445 τῷ
551 1341 589 1418 ἐν
606 1344 652 1442 τῇ
669 1339 792 1444 Ῥώμη
820 1339 1006 1448 ἐπισκόπῳ
1033 1349 1140 1419 τοῦτο
1167 1341 1320 1442 σύνηθές
1340 1343 1485 1436 forms

405 1466 535 1564 ὁμοίως
571 1464 610 1545 δὲ
638 1469 697 1544 καὶ
729 1465 820 1545 κατὰ
850 1466 917 1567 τὴν
951 1467 1174 1572 Ἀντιόχειαν
1210 1471 1269 1546 καὶ
1306 1471 1345 1548 ἐν
1379 1475 1458 1553 ταῖς

405 1591 537 1676 ἄλλοις
554 1595 748 1698 ἐπαρχίας,
766 1593 813 1673 τά
829 1601 1006 1698 πρεσβεῖα
1030 1594 1210 1698 σώζεσθαι
1227 1601 1304 1679 ταῖς
1322 1597 1452 1695 ἐκκλη-

405 1719 513 1804 σίαις.
563 1720 721 1800 καθόλου
749 1719 786 1800 δὲ
812 1719 998 1825 πρόδηλον
1016 1724 1137 1820 ἐκεῖνο,
1155 1721 1210 1802 ότι
1227 1721 1260 1802 εί
1274 1757 1329 1806 τις
1346 1724 1456 1826 χωρὶς

404 1846 549 1948 γνώμης
583 1855 648 1926 τοῦ
676 1849 943 1951 μητροπολίτου
976 1847 1115 1951 γένοιτο
1146 1851 1353 1946 ἐπίσκοπος,
1391 1848 1455 1928 τόν

403 1982 563 2054 τοιοῦτον
581 1973 603 2073 ἡ
621 1973 764 2075 μεγάλη
790 1973 942 2059 σύνοδος
969 1975 1078 2080 ὥρισε
1100 1975 1150 2076 μὴ
1178 1979 1249 2056 δεῖν
1267 1973 1355 2055 εἶναι
1372 1977 1452 2055 ε’πί·
1468 2013 1507 2052 ιο

403 2136 557 2182 σκοπον.
588 2101 649 2181 ἐὰν
666 2102 733 2201 μίν
750 2136 805 2181 τοι
823 2107 869 2207 τῇ
888 2109 987 2208 κοινῇ
1014 2101 1161 2184 πάντων
1178 2103 1297 2211 ίοῆφερ
1315 2101 1454 2209 εὐλόγῳ

403 2231 507 2334 οὔσῃ,
525 2232 584 2308 καὶ
612 2228 704 2308 κατὰ
735 2227 868 2309 κανόνα
895 2230 1206 2329 ἐκκλησιαστικὸν,
1225 2229 1288 2310 δύο
1310 2229 1334 2329 ἢ
1360 2236 1455 2332 τρεῖς

403 2357 445 2434 δι’
472 2357 600 2436 οἰκείαν
629 2359 849 2463 φιλονεικίαν
873 2357 1101 2459 ἀντιλέγωσι,
1129 2359 1300 2461 κρατείτω
1329 2358 1352 2456 ἡ
1380 2364 1454 2437 τῶν

401 2481 577 2564 πλειόνων
594 2487 734 2590 ψῆφος.

784 2616 987 2692 ΚΑΝΩΝ
1024 2617 1069 2692 Ζ.
1466 2657 1504 2718 ¹⁵

456 2737 603 2838 Ἐπειδὴ
614 2736 785 2838 συνήθεια
803 2736 994 2841 κεκράτηκε
1014 2742 1071 2820 καὶ
1089 2737 1291 2842 παράδοσις
1308 2741 1452 2843 ἀρχαάι,

401 2863 497 2946 ὥστε
518 2863 582 2945 τόν
609 2868 647 2945 ἐν
670 2867 781 2972 Αίλίᾳ
808 2867 1007 2947 ἐπίσκοπον
1033 2873 1221 2966 τιμᾶσθαι,
1252 2866 1360 2971 ε’χὲτω
1385 2864 1453 2965 τὴν

402 2993 617 3074 ἀκολουθίαν
633 2997 698 3094 τῆς
722 2997 899 3097 τιμῆς,τῇ
922 2992 1136 3098 μετροπόλει
1158 2991 1362 3096 σωζομένου
1387 3001 1454 3072 τοῦ

402 3124 527 3202 οἰκείου
545 3120 759 3228 ἀξιώματος.

536 3293 688 3354 CANON
710 3294 767 3353 Vl·
945 3319 1113 3398 episcopum
1139 3338 1282 3378 essenon
1304 3329 1450 3397 oportere.

441 3399 570 3477 Antiqua
596 3397 778 3457 consuetudo
807 3417 902 3456 serve·
945 3399 1000 3457 Sin
1027 3411 1125 3458 autem
1153 3398 1300 3458 communi
1328 3409 1450 3457 cuncto·

401 3493 451 3540 tur
471 3500 523 3559 per
537 3480 708 3558 AEgyptum,
724 3477 857 3557 Libyam,
873 3488 904 3537 et
943 3499 1008 3538 rum
1030 3479 1147 3539 decreto
1167 3479 1342 3548 rationabili,
1357 3489 1387 3536 et
1403 3498 1450 3537 ae·

401 3559 595 3639 Pentapolim,
618 3559 660 3617 ita
680 3570 714 3616 ut
729 3557 902 3618 Alexandri·
944 3561 1072 3619 cundum
1108 3559 1328 3620 ecclesiasticam
1364 3578 1450 3636 regu·

400 3660 457 3699 nus
475 3641 628 3718 episcopus
647 3639 750 3696 horum
772 3638 902 3696 omnium
944 3639 1001 3697 lam
1023 3641 1220 3719 comprobato,
1236 3639 1294 3698 duo
1314 3649 1366 3698 aut
1379 3649 1450 3708 tres,

400 3721 505 3779 habeat
533 3730 716 3799 potestatem.
767 3719 846 3790 Quia
873 3731 903 3777 et
944 3733 1063 3800 propter
1084 3721 1286 3779 contentiones
1308 3719 1452 3801 proprias,

399 3799 480 3859 urbis
508 3799 610 3858 Romae
638 3799 774 3878 eiscopo
805 3797 903 3877 parilis
944 3801 1164 3860 contradicunt:
1187 3801 1317 3859 obtineat
1331 3809 1449 3859 seuten-

399 3900 464 3938 mos
488 3890 542 3940 est.
585 3819 727 3938 Simiiiter
752 3891 849 3938 autem
875 3889 905 3936 et
946 3882 987 3939 tia
1002 3880 1205 3960 plurimorum.

400 3960 479 4039 apud
504 3960 701 4030 Antiochiam,
731 3970 906 4035 ceteraeque
1073 4001 1226 4062 CANON
1248 4001 1312 4061 Vn

400 4041 572 4119 provincias,
591 4040 652 4098 suia
673 4038 824 4118 privilegia
844 4059 905 4096 ser.
1314 4047 1321 4060 ·
1371 4099 1382 4128 κ

399 4131 506 4180 ventur
526 4120 664 4180 ecclesiis.
708 4118 787 4177 lllud
804 4129 902 4176 autem
985 4116 1064 4189 Quia
1077 4114 1258 4176 consuetudo
1269 4115 1407 4183 obtinuit,
1418 4125 1450 4174 et

398 4201 573 4279 generaliter
587 4199 695 4260 clarum
716 4210 771 4264 est,
785 4195 864 4276 quod
878 4198 902 4256 si
944 4199 1063 4273 antiqua
1084 4195 1213 4264 traditio,
1232 4206 1266 4254 ut
1281 4195 1365 4254 AElin
1386 4194 1448 4274 epi-

400 4281 465 4358 quis
484 4293 589 4359 prater
603 4280 776 4339 sententiam
793 4289 901 4336 metro·
943 4297 1048 4356 scopus
1069 4276 1228 4334 honoretur
1237 4298 1247 4346 3
1269 4277 1373 4336 habeut
1395 4275 1449 4333 ho.

439 4359 523 4418 litnni
537 4360 901 4436 fueritfactusepiscopus,
943 4357 1022 4416 noris
1073 4356 1320 4434 consequentiam,
1369 4354 1450 4414 salva

399 4381 478 4500 idne
497 4461 600 4518 magna
620 4439 748 4518 synodus
769 4437 903 4497 definivit
943 4436 1097 4516 metropoli
1111 4438 1228 4516 propria
1242 4436 1393 4514 dignitate.
