3314 5190
367 509 433 576 DE
456 509 614 576 OPERE
638 509 703 574 ET
726 507 1078 576 sLssMosYNIS.
1184 506 1246 572 311

202 685 385 758 dedecoris
413 707 456 757 ao
484 685 714 779 turpitudinis
747 708 822 757 suae
852 685 959 758 rubor
988 685 1110 769 oaedst,
1140 693 1250 778 ponat

202 805 443 896 unusquisque
469 811 553 874 ante
576 801 697 873 oeulos
720 824 801 873 suos
823 801 1004 874 diabolum
1032 825 1114 873 oum
1141 803 1250 873 servis

202 922 285 1004 suis,
312 921 350 991 id
379 927 443 1004 est,
473 941 557 990 cum
585 917 716 1012 populo
745 919 952 1012 perditionis
978 943 1019 990 ao
1048 919 1182 1003 mortis,
1212 919 1250 989 in

202 1037 361 1107 medium
378 1033 557 1128 prosilire;
582 1033 724 1127 plebem
748 1034 890 1119 Christi,
907 1045 1079 1130 prasente
1096 1044 1134 1107 et
1155 1037 1251 1129 judi·

175 1161 308 1232 suante
334 1152 420 1245 ipso,
443 1151 713 1244 comparationis
734 1152 898 1222 examine
917 1174 1107 1244 provocare
1133 1153 1252 1224 dioen-

204 1277 299 1340 tem:
335 1267 414 1361 Ego
438 1289 502 1360 pro
527 1268 603 1338 istis
629 1290 717 1359 quos
741 1291 883 1338 meeum
912 1269 1011 1340 vides
1040 1291 1106 1339 neo
1132 1267 1251 1362 alapas

204 1384 418 1477 accepisse
439 1382 580 1477 flagella
600 1385 843 1466 sustinuisse
864 1407 1006 1455 crucem
1026 1384 1166 1478 pertuli,
1185 1408 1251 1456 neo

204 1499 411 1594 sanguinem
429 1497 514 1581 fudi,
531 1519 598 1570 neo
621 1499 792 1570 familiam
809 1522 926 1572 meam
947 1502 1062 1594 pretio
1082 1503 1252 1594 passionis

205 1626 244 1687 et
277 1617 409 1688 cruoris
437 1615 593 1700 redemi;
630 1617 692 1687 sed
721 1639 788 1688 nee
821 1641 971 1711 regnum
1004 1615 1074 1688 illis
1107 1617 1252 1689 coeleste

160 1733 384 1825 10pr0mitt0‚
408 1755 475 1802 neo
499 1732 545 1803 ad
568 1733 768 1826 paradisum
795 1735 960 1804 restituta
983 1733 1251 1804 immortalitate

206 1849 323 1918 denuo
339 1869 487 1930 revoco;
512 1854 550 1918 et
566 1870 714 1918 munera
729 1848 818 1917 mihi
835 1871 941 1940 quam
958 1850 1120 1942 pretiosa,
1144 1869 1252 1941 quam

205 1964 360 2058 grandia,
378 1986 482 2055 quam
507 1965 617 2033 nimio
641 1972 680 2035 et
702 1963 809 2059 longo
832 1964 951 2035 labore
969 1966 1115 2057 quaesita
1133 1986 1253 2058 sump-

206 2081 415 2151 tuosissimis
447 2081 671 2173 apparatibus
705 2089 919 2175 comparant,
952 2081 1059 2152 rebus
1091 2081 1163 2152 suis
1195 2079 1253 2151 vel

206 2195 371 2290 obligatis
400 2198 437 2266 in
463 2197 619 2268 muneris
644 2199 905 2291 comparatione
932 2196 988 2268 vel
1014 2198 1186 2282 venditis3
1211 2219 1253 2268 ao

162 2331 195 2394 ις
206 2313 273 2382 nisi
303 2312 412 2382 editio
445 2311 595 2383 honesta
623 2315 839 2398 sueoesserit,
869 2313 1035 2385 oonvioiis
1068 2337 1109 2384 ao
1142 2313 1254 2385 sibilis

208 2430 406 2522 ejiciuntur,
424 2437 462 2500 et
485 2431 603 2502 lurore
627 2431 787 2525 populari
813 2455 1065 2525 nonnunquam
1090 2453 1182 2524 pene
1204 2429 1255 2500 la-

206 2545 383 2638 pidantur.
434 2546 529 2618 Tuos
553 2546 643 2618 tales
672 2549 898 2632 munerarios,
929 2547 1079 2631 Christe,
1110 2548 1254 2618 demon·
1378 2607 1386 2620 .

208 2669 289 2744 stra,
313 2661 392 2733 illos
415 2661 552 2745 divites,
574 2662 653 2734 illos
676 2664 825 2756 copiosis
848 2665 973 2758 opibus
989 2663 1183 2744 affluentes,
1209 2685 1255 2732 an

208 2777 246 2848 in
285 2777 435 2850 eeclesia
471 2780 684 2870 praesidente
718 2788 757 2850 et
789 2788 972 2873 spectante
1011 2789 1049 2849 te
1083 2777 1256 2871 ejusmodi

162 2915 200 2955 20
210 2913 338 2964 munus
361 2893 478 2977 edant,
502 2897 739 2990 oppigneratis
763 2895 819 2966 vel
844 2897 1019 2965 distractis
1043 2897 1149 2965 rebus
1175 2895 1256 2977 suis,

209 3012 319 3080 immo
345 3013 389 3082 ad
415 3011 577 3082 ooelestes
600 3011 783 3082 thesauros
805 3018 944 3080 mutata
966 3011 1004 3079 in
1026 3008 1153 3080 melius
1178 3032 1258 3102 pos·

211 3129 364 3198 sessione
381 3127 570 3198 translatis.
623 3127 666 3196 In
684 3128 760 3196 istis
781 3125 986 3196 muneribus
1006 3125 1095 3195 meis
1116 3125 1258 3196 oaduois

210 3253 318 3335 atque
345 3243 493 3312 terrenis
518 3264 624 3313 nemo
648 3244 813 3335 pasoitur,
839 3263 945 3312 nemo
970 3241 1128 3324 vestitur,
1151 3261 1258 3310 nemo

212 3361 281 3431 oibi
306 3358 455 3452 alicujus
484 3367 547 3430 aut
576 3368 681 3451 potus
710 3357 835 3430 solatio
864 3359 1068 3428 sustinetur.
1120 3357 1259 3428 Cuncta

166 3499 201 3557 25
213 3479 307 3548 inter
328 3477 483 3548 furorem
507 3476 645 3547 edentis
668 3484 705 3546 et
726 3477 918 3570 spectantis
939 3497 1093 3545 errorem
1114 3474 1261 3567 prodiga

213 3603 250 3666 et
284 3594 395 3666 stulta
429 3593 655 3686 voluptatum
682 3594 929 3664 fmstrantium
964 3592 1121 3662 vanitate
1155 3590 1261 3683 depe-

213 3719 329 3780 reunt.
369 3710 447 3781 Illio
464 3711 501 3779 in
518 3709 731 3802 pauperibus
748 3709 819 3778 tuis
837 3717 877 3778 tu
891 3708 1028 3778 vestiris
1044 3715 1082 3778 et
1099 3708 1260 3800 pasceris,

214 3835 255 3896 tu
272 3836 444 3898 aetemam
462 3829 573 3897 vitam
595 3825 821 3918 operantibus
841 3824 1038 3918 polliceris3
1068 3833 1106 3894 et
1129 3826 1190 3894 vix
1207 3823 1261 3894 tui

214 3945 304 4014 meis
326 3943 556 4037 pereuntibus
581 3943 818 4034 adaequantur,
836 3942 896 4033 qui
918 3964 940 4011 a
964 3949 1001 4010 te
1022 3941 1148 4011 divinis
1170 3963 1263 4010 mer-

167 4056 362 4133 socedibus
384 4062 422 4125 et
443 4055 594 4148 praemiis
614 4051 817 4124 ooelestibus
836 4053 1064 4123 honorantur.
1104 4049 1199 4135 Quid
1217 4050 1263 4121 od

216 4172 290 4242 haee
313 4170 575 4263 respondemus,
597 4170 722 4240 fratres
744 4169 935 4240 carisnmii
962 4166 1142 4261 Saorilega
1163 4167 1265 4237 steri-

216 4288 318 4359 litate
343 4296 381 4358 et
407 4287 559 4381 quadam
584 4287 811 4358 tenebrarum
838 4293 943 4356 noete
968 4293 1151 4377 coopertas
1177 4285 1265 4354 disi-

217 4415 295 4475 tum
320 4413 460 4476 mentes
485 4427 555 4497 qua
587 4405 725 4476 ratione
758 4401 990 4484 defendimus,
1020 4424 1091 4494 qua
1119 4423 1265 4473 exeusa-
