3316 5198
393 487 455 554 126
746 487 1088 553 TERTULLIANI

391 686 548 756 quosque
573 663 859 746 manifestandos,
883 661 1018 734 scilicet
1044 685 1131 754 quos
1156 684 1228 731 non
1258 662 1439 754 potuerint

391 779 592 872 depravare.
624 777 788 870 Denique
806 779 834 848 si
848 787 966 849 totum
985 777 1182 870 capitulum
1200 777 1245 846 ad
1263 777 1438 846 unitatem

391 895 652 978 continendam,
671 904 709 965 et
731 896 968 988 separationes
991 891 1202 964 coercendas
1226 893 1341 985 sapit;
1365 891 1440 960 hae-

391 1033 485 1082 reses
514 1034 597 1081 vero
627 1033 699 1080 non
729 1011 845 1080 minus
874 1009 919 1079 ab
949 1011 1087 1080 unitate
1118 1007 1301 1091 divellunt,
1332 1031 1438 1099 quam

391 1127 580 1197 schismata
603 1135 640 1197 et
664 1125 915 1197 dissensiones:
941 1127 1017 1196 sine
1041 1125 1149 1194 duhio
1174 1133 1212 1194 et
1234 1124 1386 1194 haereses
1403 1125 1466 1194 ins

392 1267 435 1315 ea
451 1245 654 1315 conditione
670 1243 951 1336 reprehensionis
968 1241 1174 1324 constituit3
1192 1242 1228 1310 in
1247 1263 1316 1331 qua
1333 1241 1441 1310 schis-

392 1369 490 1432 mata
512 1369 550 1432 et
576 1362 817 1431 dissensiones.
868 1358 925 1429 Ac
950 1382 1014 1452 per
1038 1357 1106 1428 hoo
1133 1381 1204 1427 non
1230 1379 1290 1427 eos
1314 1355 1441 1451 proba-

393 1477 474 1549 biles
501 1478 595 1560 facit,
617 1478 677 1570 qui
700 1479 737 1546 in
760 1476 912 1548 haereses
938 1477 1154 1557 diverterint,
1178 1497 1261 1544 cum
1283 1475 1440 1544 maxime

232 1598 341 1677 ¹0⁰¹·ig
394 1594 520 1665 diverti
538 1595 583 1664 ad
607 1592 779 1686 ejusmodi
803 1592 1001 1685 objurgans,
1019 1599 1057 1660 et
1081 1592 1210 1660 docens
1232 1613 1344 1660 unum
1366 1613 1440 1660 om-

230 1665 301 1713 Rm'
314 1681 348 1713 η’
393 1733 456 1780 nes
480 1709 588 1801 loqui,
615 1717 653 1778 et
678 1709 830 1800 idipsum
859 1730 1004 1802 sapere3
1034 1706 1128 1797 quod
1154 1707 1263 1776 etiam
1289 1706 1440 1778 haereses
1456 1729 1489 1767 ¹0

392 1849 464 1896 non
481 1827 612 1895 sinunt.

237 1961 379 2010 cnavr.
447 1942 527 2011 Neo
552 1942 686 2012 diutius
712 1941 756 2011 de
782 1943 860 2024 isto,
886 1941 915 2011 si
942 1940 1037 2010 idem
1063 1947 1118 2010 est
1148 1939 1289 2023 Paulus,
1316 1941 1376 2031 qui
1403 1950 1441 2012 et

229 2026 320 2076 ‘mv'
394 2057 478 2128 alibi
503 2058 656 2130 haereses
680 2059 774 2128 inter
804 2057 957 2128 carnalia
985 2057 1132 2127 crimina
1158 2066 1331 2139 numerat,
1359 2059 1442 2127 scri·

230 2180 281 2229 un„
290 2180 324 2228 ³1¹·
341 2195 376 2229 ¹0·
394 2175 481 2245 bens
510 2174 555 2245 ad
586 2174 753 2257 Galatas;
793 2182 830 2245 et
860 2175 921 2266 qui
950 2173 1031 2243 Tito
1062 2174 1229 2267 suggerit,
1259 2173 1438 2244 hominem

393 2292 602 2362 haereticum
628 2299 708 2383 post
735 2291 885 2382 primam
913 2291 1170 2382 correptionem
1196 2293 1439 2374 recusandum,
1454 2313 1488 2372 ¹5

393 2408 487 2499 quod
504 2429 687 2500 perversus
706 2407 751 2476 sit
769 2407 942 2499 ejusmodi
959 2416 996 2477 et
1014 2407 1206 2498 delinquat,
1219 2415 1261 2476 ut
1278 2417 1442 2477 asemct-

368 2523 468 2614 .ipso
493 2523 691 2592 damnatus.
742 2521 813 2592 Sed
840 2530 877 2593 et
902 2523 939 2592 in
965 2524 1060 2592 omni
1087 2546 1191 2615 poene
1217 2521 1367 2614 epistola
1396 2523 1440 2592 de

393 2638 599 2710 adulterinis
637 2638 805 2710 doctrinis
844 2639 1021 2732 fugiendis
1060 2640 1250 2720 inculcans,
1289 2639 1441 2710 haereses

393 2763 504 2837 taxat,
531 2777 679 2846 quarum
706 2778 811 2847 opera
836 2764 919 2825 sunt
942 2754 1114 2825 adulterae
1139 2756 1316 2825 doctrinae.
1353 2752 1442 2824 Hec-

393 2893 483 2942 reaes
508 2872 615 2941 diotae
642 2871 769 2942 Graeca
799 2895 886 2942 voce
915 2896 961 2942 ex
992 2872 1284 2963 interpretatione
1311 2869 1489 2943 electio-20

394 2985 459 3067 nir,
486 2986 658 3077 qusquis
684 2986 757 3056 sive
782 2988 828 3057 ad
853 2986 1097 3068 instituendas,
1124 2987 1197 3055 sive
1223 2986 1267 3055 ad
1297 2987 1442 3079 suscipi-

395 3102 503 3171 endae
520 3123 588 3182 eas,
602 3102 726 3171 utitur.
762 3101 850 3173 Ideo
866 3111 903 3172 et
921 3102 985 3172 sibi
1001 3103 1208 3171 damnatum
1222 3103 1314 3172 dixit
1330 3101 1442 3170 haere-

394 3217 516 3299 ticum,
534 3217 617 3308 quia
634 3225 671 3287 et
694 3219 730 3287 in
755 3241 825 3309 quo
846 3219 1043 3300 damnatur,
1062 3217 1127 3287 sihi
1152 3217 1272 3312 elegit.
1327 3217 1441 3287 Nobis

395 3355 478 3401 vero
495 3329 582 3400 nihil
607 3355 653 3401 ex
677 3341 796 3403 nostro
820 3333 966 3403 arbitrio
989 3333 1156 3402 inducere
1178 3332 1271 3416 licet,
1290 3333 1351 3404 sed
1375 3356 1441 3402 neo

395 3445 526 3539 eligere
542 3448 637 3539 quod
655 3448 780 3539 aliquis
797 3451 842 3519 de
858 3449 1003 3519 arbitrio
1020 3471 1084 3519 suo
1102 3451 1290 3519 induxerit.
1342 3446 1442 3541 Apo-
1453 3474 1488 3533 25

395 3561 504 3633 stolos
526 3561 671 3633 Domini
694 3565 865 3636 habemus
888 3573 1059 3648 auctores,
1082 3565 1143 3656 qui
1167 3588 1233 3635 neo
1255 3566 1322 3657 ipsi
1345 3567 1442 3655 quio-

395 3701 501 3768 quam
527 3701 573 3749 ex
599 3701 663 3750 suo
688 3681 842 3764 arbitrio,
868 3682 962 3773 quod
989 3680 1208 3763 inducerent,
1236 3680 1440 3774 elegerunt:

396 3795 458 3864 sed
483 3803 666 3888 acceptam
691 3819 713 3866 a
738 3796 880 3867 Christo
906 3796 1124 3889 disciplinam
1151 3796 1305 3866 fideliter
1329 3799 1442 3867 natio-

233 3931 316 3983 σιω.
397 3909 501 3980 nibus
517 3911 799 4005 adsignaverunt.
834 3912 961 4004 Itaque
983 3913 1121 3982 etiamsi
1144 3911 1290 4005 angelus
1308 3912 1352 3981 de
1373 3933 1443 3980 coe-

397 4025 440 4096 lis
457 4025 561 4097 aliter
583 4028 850 4122 evangelizaret,
874 4028 1064 4098 anathema
1086 4029 1263 4099 diceretur
1285 4051 1307 4098 a
1329 4027 1440 4098 uobis.
1451 4051 1490 4108 ³0

398 4140 604 4214 Providerat
627 4146 704 4237 jam
731 4153 817 4215 tunc
850 4143 1002 4237 Spiritus
1032 4144 1185 4215 Sanctus
1214 4144 1375 4214 futunrm
1404 4143 1442 4212 in

234 4275 360 4332 accras
398 4257 532 4351 virgine
569 4261 720 4350 quadam
762 4259 972 4331 Philumene
1011 4259 1177 4353 angelum
1217 4258 1440 4341 seductionis,

397 4373 705 4467 transfigurantem
732 4399 769 4445 se
799 4377 836 4445 in
866 4374 1031 4469 angelum
1061 4375 1169 4446 lucis:
1205 4375 1305 4466 cujus
1334 4374 1442 4464 signis
