3316 5198
404 485 469 549 142
758 483 1102 548 TERTULLIANI

403 668 446 730 ut
457 659 559 730 alteri
578 659 745 729 doctrinar
758 657 973 751 deputetur?
990 682 1036 729 an
1053 658 1148 728 illius
1165 657 1451 742 denuntiationis,

242 784 363 834 ssiuni-
405 777 451 848 de
467 800 538 869 que
553 777 621 846 ait:
648 773 755 846 Hanc
771 773 1062 846 denuntiationem
1086 772 1282 846 commendo
1299 772 1394 868 apud
1410 783 1451 857 ts,

244 892 334 942 ¹T¹¹²1
346 891 379 941 vi·
394 890 457 988 flu·
477 889 682 962 Timotheo?
709 891 802 962 Item
828 890 923 960 illius
945 891 1120 984 precepti,
1139 891 1184 961 de
1209 913 1280 982 quo
1300 891 1363 973 ait,
1380 888 1453 961 Do-

404 1009 526 1081 nuntio
543 1006 607 1080 tibi
631 1017 708 1079 unte
724 1006 849 1092 Deum,
867 1009 928 1103 qui
954 1005 1104 1100 oicifimt
1129 1006 1256 1088 omnia,
1280 1014 1312 1076 et
1327 1004 1450 1076 Jesum

406 1123 595 1208 Christum,
613 1126 674 1220 qui
691 1125 887 1220 testificatus
904 1134 952 1196 est
968 1122 1029 1195 sud
1047 1123 1177 1194 Pontio
1193 1121 1313 1194 Pilato
1329 1121 1478 1208 bonam

404 1241 658 1338 consessionem,
676 1249 714 1312 ut
738 1240 910 1313 custodias
928 1239 1172 1336 preceptum?
1198 1240 1303 1324 Quod
1329 1247 1450 1310 autem

403 1368 633 1453 praeceptum,
651 1367 689 1429 et
705 1381 787 1450 quae
812 1357 1057 1429 denuntiatio?
1084 1357 1142 1428 Ex
1168 1380 1274 1450 supra
1297 1365 1336 1427 et
1359 1357 1451 1428 infra

404 1477 541 1570 scriptis
557 1475 786 1571 intelligetur,
803 1499 874 1545 non
901 1477 1019 1545 nescio
1045 1476 1129 1567 quid
1152 1475 1357 1546 subostendi
1382 1473 1450 1544 hoc

404 1595 500 1664 dicto
518 1594 563 1663 de
583 1595 772 1664 remotiore
795 1593 964 1677 doctrina,
983 1592 1046 1662 sed
1071 1593 1189 1685 potius
1213 1591 1381 1661 inculcari
1405 1591 1451 1661 de

403 1732 476 1780 non
501 1709 722 1780 admittenda
747 1709 816 1779 alia
840 1717 971 1802 praeter
992 1730 1083 1792 eam,
1101 1730 1208 1800 quam
1228 1708 1389 1778 audierat
1406 1709 1452 1779 ab
1466 1735 1500 1775 ιο

295 1823 372 1873 'mil
404 1827 489 1919 ipso,
513 1834 551 1896 et
580 1834 668 1919 puto
693 1825 831 1919 palam:
859 1823 986 1900 Coram
1014 1823 1140 1908 multis,
1158 1825 1284 1917 inquit,
1303 1821 1451 1896 testibus.

403 1943 502 2028 Quos
533 1942 668 2014 multos
701 1951 822 2025 testes,
852 1943 880 2012 si
914 1942 1042 2012 nolunt
1076 1942 1261 2012 ecclesiam
1288 1941 1450 2036 intelligi,

403 2059 491 2130 nihil
525 2061 697 2144 interest3
736 2061 876 2151 quando
905 2057 993 2129 nihil
1024 2059 1174 2128 tacitum
1209 2057 1327 2141 fixerit,
1354 2059 1449 2151 quod

404 2176 470 2246 snb
503 2175 626 2245 multis
658 2175 809 2246 testibus
843 2175 1096 2267 proferebatur.
1160 2174 1232 2246 Sed
1266 2199 1333 2245 neo
1368 2176 1451 2268 quia

296 2337 304 2352 ·
403 2291 505 2362 illum
522 2302 646 2363 monet
671 2290 744 2364 lsoec
758 2291 922 2388 fidelibus
945 2291 1139 2364 dominibus
1156 2292 1372 2375 demandare,
1390 2292 1452 2388 qui
1465 2314 1497 2375 15

403 2407 520 2480 idmmi
535 2409 606 2480 sint
622 2418 654 2480 et
670 2409 758 2481 alios
774 2409 894 2482 docere
903 2435 915 2490 ,·
931 2411 968 2480 id
982 2433 1122 2502 quoque
1139 2412 1184 2481 ad
1201 2419 1451 2504 argumentum

403 2525 533 2596 occulti
550 2526 699 2620 alicujus
716 2527 889 2622 evangelii
908 2527 1214 2619 interpretandum
1235 2534 1299 2598 est.
1354 2526 1450 2596 Nam

403 2665 485 2714 oum
511 2641 606 2726 dicit,
624 2641 707 2727 dac,
725 2645 770 2716 de
799 2646 850 2716 eis
877 2645 975 2727 dicit,
999 2645 1043 2714 de
1069 2645 1197 2736 quibus
1223 2645 1259 2714 in
1283 2645 1450 2737 praesenti

402 2760 598 2832 scribebat:
624 2761 669 2833 de
695 2762 844 2834 occultis
867 2772 988 2833 autem
1014 2770 1055 2832 ut
1073 2762 1118 2832 de
1134 2762 1340 2832 absentibus
1356 2762 1449 2854 apud

403 2877 665 2963 conscientiam,
682 2902 753 2950 non
770 2877 852 2964 hec,
870 2880 933 2950 sed
950 2876 1012 2948 illa
1028 2879 1187 2949 dixisset.
1462 2903 1500 2944 ιο

272 3009 356 3058 aas.
454 2993 563 3065 Porro
590 3017 808 3089 consequens
834 3003 919 3078 erat,
942 3004 984 3066 ut
1007 2997 1066 3066 cui
1091 2994 1329 3066 demandabat
1345 3017 1451 3065 evan-

267 3073 366 3124 ΗΠ
402 3110 486 3204 gelii
503 3112 854 3196 administrationem,
872 3135 944 3182 non
960 3113 1090 3206 passim
1107 3135 1175 3184 nec
1192 3112 1450 3184 inconsiderate

402 3227 715 3300 administrandam
765 3229 942 3322 adjiceret,
985 3230 1180 3301 secundnm
1225 3229 1450 3300 Dominioam

240 3360 366 3411 ιιιιιιιι.
402 3366 536 3427 vocem,
563 3368 606 3414 ne
636 3345 861 3442 margaritam
890 3346 1020 3440 percu,
1055 3354 1086 3416 et
1119 3354 1274 3417 sanctum
1310 3344 1450 3418 canibus

392 3459 551 3554 jactaret.
604 3460 780 3532 Dominus
806 3463 924 3555 palam
954 3464 1076 3546 edixit,
1107 3463 1183 3533 sine
1217 3463 1292 3533 ulla
1318 3464 1450 3558 signiti-
1461 3495 1496 3555 25

239 3593 314 3646 uass
326 3609 351 3643 x.
403 3579 541 3650 catione
558 3577 706 3670 alicujus
724 3580 823 3650 taciti
841 3581 1062 3650 sacramenti.
1115 3578 1196 3672 Ipse
1222 3590 1448 3673 praeceperat,

402 3695 430 3764 si
448 3695 534 3786 quid
550 3696 587 3765 in
604 3695 759 3766 tenebris
776 3704 814 3766 et
831 3697 867 3765 in
884 3695 1091 3768 abscondito
1108 3697 1298 3780 audissent,
1316 3698 1353 3767 in
1371 3698 1450 3768 luoe

240 3821 300 3871 luo·
310 3820 361 3870 xix·
402 3819 440 3882 et
466 3813 504 3882 in
536 3813 641 3884 tectis
674 3812 918 3906 predicarent.
970 3812 1052 3906 Ipse
1086 3837 1150 3906 per
1182 3814 1450 3886 similitudinem

401 3928 698 4022 praefignraverat‚
741 3953 787 4000 ne
829 3951 937 4000 unam
979 3951 1110 4013 mnam,
1150 3930 1187 3999 id
1234 3939 1298 4014 est,
1338 3955 1450 4002 unum

402 4046 550 4115 verbum
567 4046 653 4138 ejus,
671 4047 746 4116 sine
763 4045 882 4117 fructu
899 4047 936 4116 in
953 4045 1076 4117 abdito
1094 4056 1322 4118 reservarent.
1369 4047 1450 4141 Ipse
1460 4081 1499 4138 30

402 4159 562 4242 docebat,
580 4161 760 4233 lucernam
787 4185 858 4233 non
881 4163 947 4233 sub
973 4164 1133 4233 modium
1150 4162 1308 4235 abstrudi
1327 4164 1449 4248 solere,

239 4292 314 4344 unu
326 4309 350 4342 v.
402 4274 519 4345 sedin
539 4277 791 4350 candelabrum
812 4281 991 4362 constitui,
1009 4289 1047 4351 ut
1072 4278 1181 4352 luceat
1205 4278 1370 4363 monibus,
1388 4279 1451 4374 qui

238 4406 341 4458 nun.
403 4391 441 4460 in
471 4387 571 4462 denso
597 4403 686 4464 sunt.
739 4393 831 4466 Haec
858 4395 1008 4488 apostoli
1034 4405 1096 4467 aut
1118 4396 1363 4491 neglexerunt,
1387 4403 1450 4467 aut
