3314 5190
473 455 538 518 DE
561 452 686 518 ZELO
710 453 773 516 ET
798 451 990 518 LIVORE.
1194 454 1260 518 327

208 629 312 700 nibus
338 629 458 699 divine
480 627 597 711 lectio,
615 627 653 698 in
678 626 838 698 sensibus
864 625 1054 698 Dominica
1078 630 1256 722 cogitatio.

209 745 334 818 Oratio
353 745 451 838 jugis
474 745 618 814 omnino
638 766 710 814 non
730 750 855 814 cesset.
907 740 1079 814 Salutaris
1099 746 1257 836 operatio

208 869 421 953 perseveret.
472 859 697 952 Spiritalibus
715 882 854 951 semper
876 858 1014 930 actibus
1034 882 1257 952 occupemur,

208 986 251 1047 ut
274 978 555 1069 quotiescunque
582 977 745 1047 inimicus
770 976 967 1059 accesserit,
998 977 1136 1068 quoties
1161 977 1258 1047 adire

182 1095 411 1176 stentaverit,
434 1100 473 1164 et
495 1092 654 1163 clausum
679 1093 867 1162 adversum
889 1113 928 1162 se
952 1100 1077 1185 pectus
1101 1093 1259 1164 inveniat

210 1219 249 1282 et
270 1217 457 1280 armatum.
510 1207 597 1278 Non
619 1209 715 1278 enim
739 1207 930 1279 Christiani
954 1207 1108 1280 hominis
1131 1233 1260 1280 corona

210 1348 281 1397 una
297 1333 352 1396 θεῖ
369 1349 450 1418 quae
463 1333 624 1417 tempore
640 1325 895 1416 persecutionis
911 1325 1092 1418 accipitur.
1136 1323 1259 1395 Habet

210 1451 248 1512 et
272 1464 344 1533 pax
369 1463 515 1512 coronas
540 1463 630 1523 snas,
658 1439 785 1532 quibus
811 1440 856 1510 de
882 1442 979 1512 varia
1005 1448 1043 1511 et
1069 1439 1258 1533 multiplici

209 1559 455 1652 congressione
488 1559 639 1628 victores
672 1564 847 1648 prostrato
881 1563 920 1627 et
956 1557 1102 1628 subacto
1136 1558 1259 1630 adver-

166 1675 300 1744 ¹0sario
323 1681 546 1745 coronantur.
598 1672 801 1744 Libidinem
823 1673 1003 1767 subegisse
1028 1676 1258 1747 continentiae

210 1789 329 1883 palma
363 1799 428 1862 est.
479 1789 614 1861 Contra
650 1791 749 1874 iram,
785 1798 909 1860 contra
939 1790 1103 1882 injuriam
1132 1813 1260 1886 repug-

210 1931 311 1978 nasse
333 1929 463 1978 corona
484 1907 667 1999 patientiae
691 1915 756 1978 est.
808 1905 865 1977 De
890 1907 1037 1977 avaritia
1059 1908 1260 2002 triumphus

210 2032 266 2094 est
295 2023 480 2115 pecuniam
506 2043 681 2114 spernere.
733 2021 827 2092 Laus
857 2029 912 2094 est
940 2021 1023 2092 fidei
1050 2021 1180 2094 fiducia
1204 2024 1259 2095 fu·

211 2149 371 2212 turorum
396 2139 520 2210 mundi
545 2138 692 2210 adversa
716 2138 877 2210 tolerare.
929 2138 978 2210 Et
1003 2142 1064 2232 qui
1089 2140 1260 2234 superbus

166 2258 248 2333 ¹5in
272 2257 447 2350 prosperis
472 2278 543 2326 non
569 2262 634 2338 est,
659 2252 808 2349 gloriam
835 2255 881 2326 de
909 2254 1112 2328 humilitate
1139 2279 1261 2328 conse-

210 2373 340 2467 quitur.
393 2372 443 2444 Et
471 2373 532 2465 qui
561 2371 606 2443 ad
637 2394 832 2465 pauperum
861 2371 1093 2444 fovendorum
1127 2375 1264 2445 miseri-

210 2491 366 2562 cordiam
392 2511 524 2582 pronus
547 2498 611 2572 est
635 2488 905 2558 retributionem
928 2488 1082 2560 thesauri
1108 2488 1261 2561 coelestis

209 2608 425 2700 adipiseitur.
477 2605 526 2675 Et
551 2605 611 2697 qui
641 2603 757 2675 zelare
782 2627 854 2674 non
881 2606 991 2689 novit,
1019 2606 1149 2699 quique
1174 2629 1262 2678 una·

209 2723 315 2793 nimis
332 2730 371 2792 et
386 2721 484 2791 mitis
500 2721 627 2792 iratres
649 2743 731 2791 suos
748 2721 873 2815 diligit,
890 2721 1091 2792 dilectionis
1107 2731 1145 2794 et
1164 2725 1261 2816 pacis

165 2837 577 2930 20prae1niohonoratur.
629 2835 673 2906 In
693 2835 761 2906 hoe
779 2837 952 2906 virtutum
971 2839 1085 2907 stadio
1102 2839 1261 2930 quotidie

211 2953 393 3033 currimus,
423 2952 469 3022 ad
498 2950 562 3021 has
588 2951 741 3043 justitiae
771 2950 906 3042 palmas
939 2959 977 3020 et
1010 2973 1157 3023 coronas
1186 2956 1262 3024 sine

211 3068 469 3139 intermissione
487 3065 655 3159 temporis
677 3066 922 3158 pervenimus;
948 3065 994 3134 ad
1016 3089 1104 3158 quas
1120 3077 1163 3138 ut
1183 3091 1262 3162 per.

210 3185 331 3255 venire
364 3191 406 3254 tu
440 3183 549 3254 etiam
582 3182 704 3273 possis,
731 3180 793 3272 qui
826 3181 942 3252 lucras
976 3182 1054 3254 zelo
1084 3191 1122 3254 et
1151 3183 1262 3256 livore

211 3323 399 3392 possessus,
429 3321 572 3371 omnem
606 3295 705 3368 illam
734 3298 908 3369 malitiam
937 3322 1008 3392 qua
1035 3300 1133 3393 prius
1163 3309 1263 3372 tene·

166 3417 305 3498 astans
334 3417 457 3509 abjice,
491 3416 537 3487 ad
566 3416 661 3486 viam
695 3415 776 3486 vitae
810 3423 949 3486 aeternae
983 3417 1141 3509 vestigiis
1170 3416 1262 3486 salu-

212 3533 346 3604 taribus
370 3534 572 3604 reformare.
623 3531 749 3602 Evelle
766 3531 812 3603 de
834 3539 978 3624 pectore
1000 3542 1064 3603 tuo
1087 3535 1204 3626 spinas
1224 3543 1262 3605 et

212 3647 372 3732 tribulos,
389 3659 431 3719 ut
454 3657 492 3719 te
515 3647 745 3720 Dominicum
768 3669 891 3718 semen
912 3646 1020 3719 fertili
1044 3649 1145 3743 fruge
1165 3647 1263 3720 loon-

213 3764 336 3856 pletet
362 3772 405 3834 ut
429 3765 549 3836 divina
577 3774 616 3836 et
645 3764 811 3857 spiritalis
841 3785 941 3858 seges
966 3766 1004 3835 in
1033 3766 1171 3858 copiam
1199 3766 1263 3836 foe-

213 3881 340 3952 cundae
357 3883 481 3952 messis
505 3882 688 3954 exuberet.
740 3880 893 3954 Venena
914 3880 1007 3952 fellis
1031 3904 1167 3964 evome,
1193 3883 1263 3954 dis-

164 3998 410 4076 30cordiarum
436 3999 531 4069 virus
556 3997 718 4082 exclude,
743 4006 915 4092 purgetur
936 4020 1038 4069 mens
1060 4021 1167 4090 quam
1192 4021 1263 4069 ser-

211 4116 379 4208 pentinus
401 4113 491 4184 livor
513 4115 692 4198 infecerat
710 4113 909 4185 amaritudo
932 4115 1046 4184 omnis
1063 4137 1144 4206 quse
1166 4115 1262 4185 intus

212 4232 389 4302 insederat
415 4230 546 4302 Christi
574 4229 761 4302 dulcedine
791 4228 953 4301 leniatur.
1006 4229 1045 4301 si
1076 4231 1121 4300 de
1151 4253 1263 4304 sacra·

212 4355 335 4419 mento
369 4350 482 4420 crucis
516 4357 553 4419 et
588 4349 707 4420 cibum
742 4349 851 4419 sumis
884 4356 921 4418 et
954 4357 1092 4440 potum,
1127 4347 1262 4442 lignum
