3314 5190
380 463 445 529 DE
468 465 627 530 OPERE
651 467 714 532 ET
738 467 1088 532 ELEEMOSYNIS.
1191 467 1256 534 807

208 661 288 710 suos
317 662 386 710 acm
415 650 632 740 opaoommat,
659 640 698 712 lo·
727 641 959 715 custodierunt
985 649 1160 739 precepta
1187 649 1256 724 tua,

209 765 241 827 et
274 765 506 829 testamentum
541 767 635 830 taem
668 769 895 832 amoverent.
948 757 1045 830 Nam
1078 759 1107 829 si
1138 757 1257 828 Deum

210 882 287 945 toto
317 874 423 945 corde
453 874 641 970 diligimus,
671 899 737 946 nec
767 884 930 970 parentes
960 899 1026 946 nec
1056 875 1146 946 lilios
1178 873 1257 945 Deo

208 990 371 1084 praeferre
405 991 586 1062 debemus.
637 992 742 1076 Quod
777 1001 814 1064 et
847 993 1004 1064 Joannes
1038 994 1075 1063 in
1109 991 1259 1084 epistola

182 1119 272 1176 ssua
287 1109 399 1200 ponit,
417 1110 601 1180 caritatem
626 1108 694 1179 Dei
716 1111 809 1202 apud
832 1132 892 1180 eos
913 1133 984 1180 non
1002 1131 1077 1180 esse
1101 1130 1189 1200 quos
1206 1109 1258 1177 vi-

207 1222 354 1295 deamus
388 1227 523 1317 operari
557 1227 594 1296 in
627 1249 798 1320 pauperes
837 1225 951 1297 nolle:
992 1224 1063 1316 Qui
1090 1222 1383 1308 halwartanensis.

207 1339 332 1432 inquit,
361 1338 585 1414 sectantium
614 1341 746 1426 mundi,
772 1349 804 1412 et
833 1331 1130 1435 oidmtt'srelrem
1156 1363 1256 1410 suum

207 1455 465 1539 desiderantem,
495 1466 527 1528 et
556 1455 717 1528 camme
745 1457 877 1528 viscere
905 1479 978 1540 suo,
1005 1453 1172 1550 quomodo
1201 1479 1257 1526 ce

205 1572 294 1644 ritas
310 1572 383 1644 Dei
405 1582 517 1646 maaet
542 1574 579 1644 ia
603 1573 693 1646 illo?
727 1573 765 1644 Si
789 1575 885 1645 enim
909 1573 1008 1644 Deus
1025 1573 1256 1666 eleemosynis

163 1711 402 1782 10pauperum
422 1691 623 1773 foeneratur,
642 1697 679 1760 et
700 1713 783 1762 oum
807 1692 911 1761 datur
930 1689 1095 1771 minimis,
1114 1687 1255 1759 Christo

206 1805 321 1890 datur,
338 1829 410 1878 non
427 1808 593 1899 estquod
610 1807 688 1898 quis
705 1813 846 1878 terrena
860 1805 1063 1877 coelestibus
1079 1804 1254 1898 praeferat,

206 1944 272 1992 nec
290 1923 417 1993 divinis
433 1924 589 1994 bumana
605 1931 799 2017 praeponat.

256 2037 368 2110 XIII.
395 2039 454 2111 Sic
484 2041 591 2110 vidua
623 2038 685 2109 illa
717 2039 754 2109 in
788 2039 895 2109 tertio
926 2037 1131 2132 Regnorum
1165 2037 1417 2111 libmnsgavu

205 2177 288 2226 cum
322 2157 359 2226 in
389 2156 546 2227 siccitate
577 2164 615 2228 et
644 2155 738 2226 fame
766 2157 983 2249 consumptis
1013 2155 1177 2225 omnibus
1211 2155 1255 2225 de

164 2273 348 2352 rsmodioo
372 2273 463 2344 farre
489 2281 527 2344 et
548 2271 627 2344 oleo
649 2273 743 2365 quod
765 2271 985 2364 superfuerat
1008 2273 1149 2342 fecisset
1175 2271 1257 2342 sub-

205 2390 409 2460 cinericium
432 2412 572 2483 panem,
598 2413 668 2481 quo
693 2389 882 2481 absumpto
911 2390 1082 2459 moritura
1106 2411 1189 2459 cum
1214 2388 1257 2460 li·

205 2504 297 2576 beris
315 2513 417 2589 esset,
441 2507 644 2600 supervenit
666 2503 801 2588 Helias,
819 2513 857 2576 et
877 2507 981 2598 petiit
1003 2505 1069 2576 sibi
1091 2506 1188 2598 prius
1210 2505 1256 2575 ad

207 2623 386 2694 edendum
420 2624 504 2706 dari,
539 2631 625 2694 tuno
660 2621 754 2714 quod
785 2621 1014 2716 superfuisset
1044 2621 1127 2692 inde
1156 2621 1256 2692 illam

207 2763 289 2810 cum
318 2739 400 2812 filiis
425 2741 496 2810 suis
523 2740 628 2811 vesci.
679 2737 761 2809 Nec
791 2739 1036 2831 obtemperare
1064 2737 1128 2808 illa
1156 2738 1256 2810 dubi-

161 2878 198 2917 20
206 2858 306 2939 tavit,
324 2865 387 2928 aut
404 2855 521 2926 Heliae
538 2855 628 2926 lilios
644 2863 760 2926 mater
776 2857 813 2925 in
829 2855 923 2926 fame
937 2863 974 2925 et
992 2863 1151 2949 egestate
1168 2879 1254 2948 prae-

205 2973 334 3064 posuit.
379 2971 439 3042 Fit
464 2972 573 3040 immo
599 2973 636 3040 in
658 2977 851 3062 conspectu
869 2968 938 3039 Dei
956 2969 1051 3062 quod
1075 2970 1155 3040 Deo
1180 2971 1389 3062 plasme.

205 3096 305 3171 ceat;
330 3096 494 3180 prompte
515 3111 556 3158 ac
581 3085 735 3157 libenter
756 3087 850 3176 quod
875 3083 1065 3177 petebatur
1088 3083 1253 3170 offertum

206 3227 272 3275 neo
288 3204 334 3274 de
351 3203 568 3275 abundantia
582 3202 708 3294 portio,
722 3203 784 3272 sed
798 3203 842 3273 de
854 3201 996 3272 modico
1009 3208 1127 3271 totum
1140 3201 1254 3283 datur,

205 3330 245 3392 et
277 3319 512 3393 esurientibus
541 3317 660 3388 liberis
689 3315 781 3388 alter
813 3317 910 3410 prius
943 3317 1108 3411 pascitur,
1139 3341 1253 3411 neque

159 3438 244 3515 ἐἰη
271 3439 418 3531 penuria
446 3445 484 3507 et
513 3435 607 3506 fame
637 3434 737 3505 cibus
766 3441 851 3506 ante
879 3455 986 3526 quam
1016 3434 1254 3506 misericordia

205 3555 401 3648 cogitatum
426 3560 468 3623 ut
493 3553 580 3624 dum
606 3551 644 3622 in
669 3573 775 3646 opere
800 3549 946 3622 salutari
971 3551 1159 3624 carnaliter
1182 3553 1255 3622 vita

205 3672 454 3754 contemnitur,
471 3667 676 3764 spiritaliter
692 3669 810 3739 anima
826 3675 995 3738 servetur.
1047 3665 1172 3738 Helias
1189 3669 1255 3738 its-

206 3809 275 3878 quc
297 3796 423 3882 typum
446 3787 579 3860 Christi
601 3808 737 3883 gerens,
762 3793 801 3856 et
822 3784 917 3877 quod
944 3782 1005 3854 ille
1031 3805 1095 3876 pro
1120 3784 1255 3856 miseri-

205 3905 324 3974 cordia
340 3905 454 3976 vicem
477 3903 623 3997 singulis
645 3902 771 3974 reddat
794 3902 993 3984 ostendens,
1018 3902 1199 3995 respondit
1216 3908 1254 3972 et

155 4041 196 4098 30
205 4021 316 4091 dixit:
345 4017 436 4092 Hoec
460 4018 547 4090 dicit
569 4016 767 4088 Dominus:
799 4015 940 4089 Fidelia
955 4014 1077 4112 serris
1100 4039 1169 4088 aon
1196 4015 1347 4099 ‹lo-311*
1357 4035 1416 4086 svn.

192 4133 302 4228 ficiet,
330 4145 362 4206 et
386 4157 542 4230 capsaces
568 4131 635 4205 olei
663 4156 731 4204 aon
757 4133 931 4204 minuetur
959 4154 1065 4227 usque
1093 4132 1133 4202 in
1162 4130 1252 4202 diem
1263 4113 1301 4162 '⁴'

204 4275 271 4347 quc
288 4249 382 4324 dabit
403 4249 578 4324 Dominus
595 4247 736 4320 imbrem
753 4271 857 4342 super
873 4257 1012 4320 terrem
1048 4247 1253 4318 Secundum

204 4367 333 4442 dirinae
356 4366 620 4462 pollicitationis
643 4365 749 4436 fidem
772 4363 1011 4458 multiplicata
1032 4372 1117 4436 sunt
1136 4365 1253 4436 viduae

678 4485 777 4552 nrt
