3316 5198
399 475 463 540 152
757 473 1099 540 'l'ER'l'ULLIANl

400 648 581 717 videamus
610 649 694 740 quid
728 647 899 732 didicerit,
930 648 1014 741 quid
1045 647 1213 731 docuerit,
1244 650 1329 741 quid
1364 673 1445 720 cnm

400 763 578 834 Africanis
617 787 756 857 quoque
800 765 958 836 ecclesiis
1000 767 1256 836 contesserarit.
1323 765 1445 837 Unum

401 879 520 952 Deum
554 882 653 952 novit
686 888 881 952 creatorem
915 883 1162 964 universitatis,
1197 890 1235 952 et
1264 882 1445 954 Christum

399 998 526 1070 Jesnm
553 1020 599 1068 ex
627 998 762 1092 virgine
793 997 911 1069 Maria
940 997 1071 1068 Filium
1102 997 1171 1068 Dei
1202 1001 1378 1081 creatoris,
1409 1008 1446 1069 et

399 1116 513 1185 carnis
552 1115 870 1184 resurrectionem:
912 1113 1029 1208 legem
1070 1121 1107 1184 et
1140 1115 1330 1208 prophetas
1364 1133 1472 1192 cums

399 1228 613 1323 evangelicis
629 1236 667 1298 et
684 1228 886 1320 apostolicis
908 1227 1036 1298 litteris
1053 1230 1189 1311 miscet,
1207 1237 1245 1299 et
1268 1230 1351 1300 inde
1367 1254 1447 1323 por·

399 1354 453 1416 tat
478 1346 606 1416 fidem:
636 1367 715 1416 eam
740 1367 831 1438 aqua
856 1346 981 1438 signat,
1008 1344 1140 1416 Sancto
1166 1344 1302 1440 Spiritu
1329 1347 1444 1427 vestit,

399 1461 611 1532 eucharistia
633 1462 755 1554 pascit,
778 1461 985 1553 martyrium
1012 1461 1230 1543 exhortatur,
1248 1469 1285 1531 et
1311 1463 1361 1531 ita
1386 1463 1447 1532 ad-

400 1601 520 1650 versus
545 1578 637 1648 hanc
666 1578 926 1647 institutionem
956 1577 1135 1647 neminem
1165 1578 1301 1670 recipit.
1354 1577 1446 1647 Haec

401 1703 456 1765 est
485 1695 661 1764 institutio
697 1717 768 1764 non
802 1693 881 1762 dico
909 1693 987 1784 jam
1016 1716 1097 1784 quae
1127 1693 1262 1762 futuras
1295 1693 1447 1764 haereses
1461 1715 1496 1754 ¹0

241 1833 251 1867 ¹
332 1815 377 1865 .u.
402 1811 673 1903 praenuntiabat,
694 1811 754 1881 sed
778 1810 823 1880 de
844 1833 914 1902 qua
933 1809 1086 1878 haereses
1107 1810 1323 1902 prodierunt.
1376 1809 1446 1879 Sed

402 1949 472 1996 non
490 1948 613 1996 omnes
634 1923 727 2020 (sor.
750 1927 908 2017 omnino)
931 1948 977 1995 ex
998 1925 1069 2008 illa,
1088 1949 1134 1996 ex
1155 1951 1226 2019 quo
1243 1928 1348 1998 factae
1365 1937 1448 1998 sunt

401 2042 568 2112 adversius
600 2040 708 2112 illam.
761 2039 879 2110 Etiam
914 2042 959 2111 de
989 2040 1093 2112 olivae
1127 2041 1254 2112 nucleo
1288 2044 1384 2113 mitis
1411 2051 1448 2112 et

402 2159 531 2251 opimae
561 2166 599 2228 et
628 2159 833 2228 necessariae
863 2179 965 2248 asper
993 2156 1145 2228 oleaster
1173 2159 1303 2229 oritur:
1340 2160 1448 2228 etiam

403 2275 448 2344 de
475 2295 647 2366 papavere
668 2273 755 2344 licus
775 2274 985 2366 gratissimae
1007 2283 1045 2344 et
1066 2275 1282 2345 suavissimae
1303 2282 1450 2346 ventosa
1462 2297 1495 2356 15

403 2398 441 2459 et
459 2412 548 2460 vana
564 2389 747 2481 caprificus
764 2391 933 2482 exsurgit.
969 2389 1027 2460 lta
1044 2399 1081 2460 et
1097 2389 1250 2461 haereses
1268 2391 1312 2460 de
1329 2398 1448 2460 nostro

402 2504 713 2588 fructificaverunt,
723 2528 794 2575 uon
807 2512 946 2588 nostrae,
956 2505 1149 2599 degeneres
1162 2507 1320 2578 veritatis
1329 2529 1448 2602 grano,

404 2629 442 2690 et
458 2621 643 2692 mendacio
661 2621 848 2692 silvestres.

248 2732 390 2847 xffih·
456 2737 495 2807 Si
511 2737 592 2807 haec
608 2739 659 2808 ita
675 2759 713 2808 se
729 2737 872 2819 habent,
889 2745 932 2808 ut
950 2739 1078 2808 veritas
1100 2738 1201 2809 nobis
1218 2739 1449 2830 adjudicetur,

405 2854 618 2946 quicumque
643 2855 680 2924 in
710 2875 753 2924 ea
783 2854 907 2948 regula
934 2855 1140 2938 incedimus,
1166 2877 1271 2947 quam
1302 2855 1450 2926 ecclesia
1462 2879 1499 2918 20

404 2969 451 3042 ab
485 2971 662 3064 apostolis,
694 2970 845 3063 apostoli
878 2993 900 3040 a
933 2969 1084 3052 Christe,
1120 2969 1281 3041 Christus
1314 2994 1337 3041 a
1370 2970 1449 3040 Deo

405 3085 560 3170 tradidit,
595 3095 734 3158 constat
768 3088 858 3157 ratio
891 3087 1058 3180 propositi
1094 3089 1215 3170 nostri,
1250 3088 1450 3157 definientis

404 3225 475 3274 non
511 3225 588 3275 osse
616 3205 856 3276 admittendos
889 3203 1075 3273 haereticos
1105 3203 1151 3273 ad
1184 3203 1374 3273 ineundam
1405 3201 1450 3271 de

404 3320 584 3412 scripturis
613 3321 910 3413 provocationem,
939 3341 1027 3411 quos
1056 3319 1132 3388 aine
1162 3319 1341 3411 scripturis
1372 3339 1450 3410 pro-

404 3434 529 3506 bamus
550 3435 596 3506 ad
619 3437 808 3528 scripturas
829 3458 901 3506 non
923 3436 1110 3527 pertinere.
1163 3433 1203 3505 Si
1220 3435 1315 3504 enim
1339 3435 1496 3516 heere-25

404 3552 466 3621 tici
487 3560 581 3634 sunt,
599 3550 789 3622 Christiani
807 3573 883 3622 esse
906 3574 978 3621 non
999 3560 1155 3644 possunt,
1174 3573 1245 3619 non
1265 3572 1288 3619 a
1308 3549 1449 3620 Christo

404 3665 567 3737 habendo
584 3668 679 3759 quod
702 3669 747 3738 de
769 3689 833 3740 sua
855 3666 1031 3738 electione
1051 3667 1177 3736 sectati
1200 3665 1447 3735 haeretieorum

404 3783 547 3853 nominc
574 3784 779 3854 admittunt.
831 3783 890 3853 Ita
914 3805 987 3853 non
1011 3781 1202 3852 Christiani
1228 3780 1366 3852 nullum
1390 3781 1450 3874 jus

403 3900 549 3991 capiunt
570 3900 849 3970 Christianarum
870 3898 1079 3969 litterarum.
1131 3896 1191 3968 Ad
1214 3920 1301 3990 quos
1322 3900 1451 3970 merito

405 4015 595 4086 dicendum
612 4024 676 4099 est,
700 4014 772 4099 Qui
795 4015 904 4086 estis?
930 4014 1080 4106 quando,
1104 4023 1141 4084 et
1165 4013 1259 4084 unde
1283 4013 1500 4092 venistislso

405 4132 489 4222 quid
515 4134 551 4202 in
572 4153 653 4202 meo
676 4133 780 4226 agitis
803 4155 873 4202 non
897 4131 992 4202 mei?
1018 4154 1089 4223 quo
1112 4131 1264 4222 denique
1289 4129 1451 4200 Marcion

399 4247 481 4336 jure
506 4246 640 4340 sylvam
670 4269 786 4319 meam
817 4246 947 4317 caedisl
981 4270 1053 4338 qua
1080 4246 1224 4316 licentia
1258 4244 1452 4317 Valentino

405 4361 522 4433 fontes
558 4384 657 4434 meos
692 4363 924 4434 transvertis?
974 4385 1043 4454 qua
1082 4369 1260 4453 potestate
1305 4358 1453 4453 Apelles
