<?xml version="1.0" encoding="UTF-8"?>
<!DOCTYPE html PUBLIC "-//W3C//DTD XHTML 1.0 Transitional//EN"
    "http://www.w3.org/TR/xhtml1/DTD/xhtml1-transitional.dtd">
<html xmlns="http://www.w3.org/1999/xhtml" xml:lang="en" lang="en">
 <head>
  <title>
</title>
<meta http-equiv="Content-Type" content="text/html;charset=utf-8" />
  <meta name='ocr-system' content='tesseract 3.04.00' />
  <meta name='ocr-capabilities' content='ocr_page ocr_carea ocr_par ocr_line ocrx_word'/>
</head>
<body>
  <div class='ocr_page' id='page_1' title='image "./scriptorumeccle00routgoog_0111.png"; bbox 0 0 3316 5198; ppageno 0'>
   <div class='ocr_carea' id='block_1_1' title="bbox 402 472 1161 553">
    <p class='ocr_par' dir='ltr' id='par_1_1' title="bbox 402 472 1161 553">
     <span class='ocr_line' id='line_1_1' title="bbox 402 472 1161 553; baseline -0.007 -10"><span class='ocrx_word' id='word_1_1' title='bbox 402 479 447 549; x_wconf 73' lang='lat'><strong>94</strong></span> <span class='ocrx_word' id='word_1_2' title='bbox 693 472 1082 553; x_wconf 80' lang='lat' dir='ltr'><strong>ANNOTATIONES‚</strong></span> <span class='ocrx_word' id='word_1_3' title='bbox 1107 473 1161 539; x_wconf 78' lang='lat' dir='ltr'><strong>&amp;o</strong></span> 
     </span>
    </p>
   </div>
   <div class='ocr_carea' id='block_1_2' title="bbox 401 643 1453 1676">
    <p class='ocr_par' dir='ltr' id='par_1_2' title="bbox 401 643 1453 902">
     <span class='ocr_line' id='line_1_2' title="bbox 401 643 1452 746; baseline -0.001 -34"><span class='ocrx_word' id='word_1_4' title='bbox 401 648 506 712; x_wconf 71' lang='grc' dir='ltr'>ἄοινοι</span> <span class='ocrx_word' id='word_1_5' title='bbox 521 647 679 746; x_wconf 67' lang='lat' dir='ltr'><strong>stupente,</strong></span> <span class='ocrx_word' id='word_1_6' title='bbox 696 646 796 732; x_wconf 76' lang='lat' dir='ltr'><strong>poulo</strong></span> <span class='ocrx_word' id='word_1_7' title='bbox 818 654 888 710; x_wconf 72' lang='lat' dir='ltr'><strong>oveto</strong></span> <span class='ocrx_word' id='word_1_8' title='bbox 913 654 1059 732; x_wconf 77' lang='lat' dir='ltr'><strong>tonqoom</strong></span> <span class='ocrx_word' id='word_1_9' title='bbox 1080 647 1166 710; x_wconf 82' lang='lat' dir='ltr'><strong>Deoe</strong></span> <span class='ocrx_word' id='word_1_10' title='bbox 1189 643 1359 724; x_wconf 68' lang='lat' dir='ltr'><strong>nomme,</strong></span> <span class='ocrx_word' id='word_1_11' title='bbox 1379 644 1452 711; x_wconf 89' lang='lat' dir='ltr'><strong>inde</strong></span> 
     </span>
     <span class='ocr_line' id='line_1_3' title="bbox 402 730 1453 814; baseline -0.003 -16"><span class='ocrx_word' id='word_1_12' title='bbox 402 734 489 798; x_wconf 70' lang='lat' dir='ltr'><strong>houd</strong></span> <span class='ocrx_word' id='word_1_13' title='bbox 504 732 628 797; x_wconf 87' lang='lat' dir='ltr'><strong>diffiorle</strong></span> <span class='ocrx_word' id='word_1_14' title='bbox 643 731 704 797; x_wconf 81' lang='lat' dir='ltr'><strong>fuit</strong></span> <span class='ocrx_word' id='word_1_15' title='bbox 719 733 833 798; x_wconf 75' lang='lat' dir='ltr'><strong>Graeon</strong></span> <span class='ocrx_word' id='word_1_16' title='bbox 846 733 895 796; x_wconf 74' lang='lat' dir='ltr'><strong>ita</strong></span> <span class='ocrx_word' id='word_1_17' title='bbox 909 733 1088 812; x_wconf 76' lang='lat' dir='ltr'><strong>emendare,</strong></span> <span class='ocrx_word' id='word_1_18' title='bbox 1104 735 1120 795; x_wconf 86' lang='grc' dir='ltr'><strong>ὁ</strong></span> <span class='ocrx_word' id='word_1_19' title='bbox 1139 732 1285 814; x_wconf 79' lang='grc' dir='ltr'>πρότερον</span> <span class='ocrx_word' id='word_1_20' title='bbox 1297 730 1345 796; x_wconf 80' lang='grc' dir='ltr'><strong>ὑπ’</strong></span> <span class='ocrx_word' id='word_1_21' title='bbox 1362 732 1453 796; x_wconf 76' lang='grc' dir='ltr'>αὐτοῦ</span> 
     </span>
     <span class='ocr_line' id='line_1_4' title="bbox 403 819 963 902; baseline -0.007 -18"><span class='ocrx_word' id='word_1_22' title='bbox 403 819 630 902; x_wconf 69' lang='grc' dir='ltr'>ἱερατεοομένον</span> <span class='ocrx_word' id='word_1_23' title='bbox 643 820 805 899; x_wconf 73' lang='grc' dir='ltr'>τιμώμενος</span> <span class='ocrx_word' id='word_1_24' title='bbox 820 819 858 885; x_wconf 77' lang='grc' dir='ltr'><strong>ὥς</strong></span> <span class='ocrx_word' id='word_1_25' title='bbox 873 821 963 884; x_wconf 62' lang='lat' dir='ltr'><strong>ocos.</strong></span> 
     </span>
    </p>

    <p class='ocr_par' dir='ltr' id='par_1_3' title="bbox 402 903 1453 1400">
     <span class='ocr_line' id='line_1_5' title="bbox 447 903 1453 1004; baseline 0.001 -35"><span class='ocrx_word' id='word_1_26' title='bbox 447 905 528 969; x_wconf 94' lang='lat' dir='ltr'><strong>Ibid.</strong></span> <span class='ocrx_word' id='word_1_27' title='bbox 554 905 574 969; x_wconf 90' lang='lat' dir='ltr'><strong>l.</strong></span> <span class='ocrx_word' id='word_1_28' title='bbox 601 904 631 968; x_wconf 93' lang='lat'><strong>6.</strong></span> <span class='ocrx_word' id='word_1_29' title='bbox 662 905 701 973; x_wconf 74' lang='lat' dir='ltr'><strong>rio</strong></span> <span class='ocrx_word' id='word_1_30' title='bbox 726 905 820 1004; x_wconf 77' lang='grc' dir='ltr'>Θεόι]</span> <span class='ocrx_word' id='word_1_31' title='bbox 855 905 1015 990; x_wconf 59' lang='lat' dir='ltr'><strong>requam</strong></span> <span class='ocrx_word' id='word_1_32' title='bbox 1044 905 1130 968; x_wconf 69' lang='lat' dir='ltr'><strong>Doro</strong></span> <span class='ocrx_word' id='word_1_33' title='bbox 1156 903 1324 968; x_wconf 71' lang='grc' dir='ltr'>Ιιοοονοιιιι.</span> <span class='ocrx_word' id='word_1_34' title='bbox 1370 903 1453 985; x_wconf 79' lang='lat' dir='ltr'><strong>Qnie</strong></span> 
     </span>
     <span class='ocr_line' id='line_1_6' title="bbox 402 988 1450 1076; baseline -0.004 -20"><span class='ocrx_word' id='word_1_35' title='bbox 402 1013 476 1056; x_wconf 90' lang='lat' dir='ltr'><strong>oum</strong></span> <span class='ocrx_word' id='word_1_36' title='bbox 497 998 582 1056; x_wconf 80' lang='lat' dir='ltr'><strong>esset</strong></span> <span class='ocrx_word' id='word_1_37' title='bbox 603 989 747 1076; x_wconf 82' lang='lat' dir='ltr'>pontifex</span> <span class='ocrx_word' id='word_1_38' title='bbox 769 990 852 1054; x_wconf 77' lang='lat' dir='ltr'><strong>inus</strong></span> <span class='ocrx_word' id='word_1_39' title='bbox 871 991 956 1068; x_wconf 86' lang='lat' dir='ltr'><strong>enni,</strong></span> <span class='ocrx_word' id='word_1_40' title='bbox 973 989 1176 1075; x_wconf 77' lang='lat' dir='ltr'>prophetavit</span> <span class='ocrx_word' id='word_1_41' title='bbox 1190 988 1338 1075; x_wconf 76' lang='lat' dir='ltr'><strong>Caiphae,</strong></span> <span class='ocrx_word' id='word_1_42' title='bbox 1354 988 1377 1052; x_wconf 90' lang='lat' dir='ltr'><strong>J</strong></span> <span class='ocrx_word' id='word_1_43' title='bbox 1380 1011 1450 1054; x_wconf 84' lang='lat' dir='ltr'><strong>oen.</strong></span> 
     </span>
     <span class='ocr_line' id='line_1_7' title="bbox 403 1075 1453 1163; baseline -0.003 -21"><span class='ocrx_word' id='word_1_44' title='bbox 403 1100 473 1163; x_wconf 85' lang='lat' dir='ltr'><strong>oep.</strong></span> <span class='ocrx_word' id='word_1_45' title='bbox 499 1077 541 1140; x_wconf 87' lang='lat' dir='ltr'><strong>xi.</strong></span> <span class='ocrx_word' id='word_1_46' title='bbox 567 1077 653 1163; x_wconf 89' lang='lat' dir='ltr'><strong>quod</strong></span> <span class='ocrx_word' id='word_1_47' title='bbox 676 1075 774 1140; x_wconf 78' lang='lat' dir='ltr'><strong>Jeeue</strong></span> <span class='ocrx_word' id='word_1_48' title='bbox 802 1077 975 1140; x_wconf 85' lang='lat' dir='ltr'><strong>moriturus</strong></span> <span class='ocrx_word' id='word_1_49' title='bbox 1003 1083 1075 1140; x_wconf 86' lang='lat' dir='ltr'><strong>eret</strong></span> <span class='ocrx_word' id='word_1_50' title='bbox 1100 1097 1159 1161; x_wconf 89' lang='lat' dir='ltr'><strong>pro</strong></span> <span class='ocrx_word' id='word_1_51' title='bbox 1183 1083 1297 1161; x_wconf 81' lang='lat' dir='ltr'><strong>gente:</strong></span> <span class='ocrx_word' id='word_1_52' title='bbox 1329 1082 1362 1139; x_wconf 90' lang='lat' dir='ltr'><strong>et</strong></span> <span class='ocrx_word' id='word_1_53' title='bbox 1388 1097 1453 1140; x_wconf 92' lang='lat' dir='ltr'><strong>non</strong></span> 
     </span>
     <span class='ocr_line' id='line_1_8' title="bbox 402 1160 1450 1248; baseline -0.003 -20"><span class='ocrx_word' id='word_1_54' title='bbox 402 1171 530 1228; x_wconf 79' lang='lat' dir='ltr'><strong>tentum</strong></span> <span class='ocrx_word' id='word_1_55' title='bbox 552 1185 612 1248; x_wconf 81' lang='lat' dir='ltr'><strong>pro</strong></span> <span class='ocrx_word' id='word_1_56' title='bbox 634 1169 739 1248; x_wconf 84' lang='lat' dir='ltr'><strong>gente,</strong></span> <span class='ocrx_word' id='word_1_57' title='bbox 763 1163 820 1226; x_wconf 81' lang='lat' dir='ltr'><strong>sed</strong></span> <span class='ocrx_word' id='word_1_58' title='bbox 844 1169 882 1226; x_wconf 89' lang='lat' dir='ltr'><strong>ut</strong></span> <span class='ocrx_word' id='word_1_59' title='bbox 906 1162 988 1227; x_wconf 80' lang='lat' dir='ltr'><strong>filios</strong></span> <span class='ocrx_word' id='word_1_60' title='bbox 1011 1161 1082 1240; x_wconf 85' lang='lat' dir='ltr'><strong>Dei,</strong></span> <span class='ocrx_word' id='word_1_61' title='bbox 1109 1160 1164 1246; x_wconf 89' lang='lat' dir='ltr'><strong>qui</strong></span> <span class='ocrx_word' id='word_1_62' title='bbox 1189 1169 1282 1226; x_wconf 83' lang='lat' dir='ltr'><strong>erent</strong></span> <span class='ocrx_word' id='word_1_63' title='bbox 1307 1161 1450 1247; x_wconf 74' lang='lat' dir='ltr'><strong>dispersi,</strong></span> 
     </span>
     <span class='ocr_line' id='line_1_9' title="bbox 402 1247 1450 1336; baseline -0.002 -22"><span class='ocrx_word' id='word_1_64' title='bbox 402 1256 611 1336; x_wconf 73' lang='lat' dir='ltr'><strong>congregaret</strong></span> <span class='ocrx_word' id='word_1_65' title='bbox 633 1249 667 1312; x_wconf 91' lang='lat' dir='ltr'><strong>in</strong></span> <span class='ocrx_word' id='word_1_66' title='bbox 690 1269 806 1325; x_wconf 86' lang='lat' dir='ltr'><strong>unum;</strong></span> <span class='ocrx_word' id='word_1_67' title='bbox 831 1249 917 1333; x_wconf 89' lang='lat' dir='ltr'><strong>quod</strong></span> <span class='ocrx_word' id='word_1_68' title='bbox 940 1247 1069 1333; x_wconf 91' lang='lat' dir='ltr'><strong>quidem</strong></span> <span class='ocrx_word' id='word_1_69' title='bbox 1095 1247 1199 1312; x_wconf 78' lang='lat' dir='ltr'><strong>faeere</strong></span> <span class='ocrx_word' id='word_1_70' title='bbox 1223 1269 1288 1312; x_wconf 91' lang='lat' dir='ltr'><strong>non</strong></span> <span class='ocrx_word' id='word_1_71' title='bbox 1312 1254 1450 1334; x_wconf 82' lang='lat' dir='ltr'><strong>poteret,</strong></span> 
     </span>
     <span class='ocr_line' id='line_1_10' title="bbox 403 1335 855 1400; baseline -0.007 0"><span class='ocrx_word' id='word_1_72' title='bbox 403 1335 464 1400; x_wconf 82' lang='lat' dir='ltr'><strong>nisi</strong></span> <span class='ocrx_word' id='word_1_73' title='bbox 479 1335 567 1400; x_wconf 77' lang='lat' dir='ltr'><strong>Deus</strong></span> <span class='ocrx_word' id='word_1_74' title='bbox 582 1341 674 1400; x_wconf 77' lang='lat' dir='ltr'><strong>esset.</strong></span> <span class='ocrx_word' id='word_1_75' title='bbox 698 1335 855 1398; x_wconf 64' lang='lat' dir='ltr'><strong>nnumin.</strong></span> 
     </span>
    </p>

    <p class='ocr_par' dir='ltr' id='par_1_4' title="bbox 402 1417 1451 1574">
     <span class='ocr_line' id='line_1_11' title="bbox 447 1417 1451 1508; baseline -0.003 -23"><span class='ocrx_word' id='word_1_76' title='bbox 447 1421 530 1485; x_wconf 89' lang='lat' dir='ltr'><strong>Ibid.</strong></span> <span class='ocrx_word' id='word_1_77' title='bbox 544 1422 564 1485; x_wconf 88' lang='lat' dir='ltr'><strong>l.</strong></span> <span class='ocrx_word' id='word_1_78' title='bbox 584 1440 632 1504; x_wconf 90' lang='lat'><strong>17.</strong></span> <span class='ocrx_word' id='word_1_79' title='bbox 649 1421 688 1488; x_wconf 77' lang='grc' dir='ltr'><strong>ὣς</strong></span> <span class='ocrx_word' id='word_1_80' title='bbox 701 1420 773 1505; x_wconf 72' lang='grc' dir='ltr'>ζωὴ]</span> <span class='ocrx_word' id='word_1_81' title='bbox 792 1418 910 1484; x_wconf 83' lang='lat' dir='ltr'><strong>Melior</strong></span> <span class='ocrx_word' id='word_1_82' title='bbox 929 1418 1115 1508; x_wconf 72' lang='lat' dir='ltr'><strong>interpretis</strong></span> <span class='ocrx_word' id='word_1_83' title='bbox 1134 1417 1238 1497; x_wconf 89' lang='lat' dir='ltr'><strong>leotio,</strong></span> <span class='ocrx_word' id='word_1_84' title='bbox 1255 1418 1288 1487; x_wconf 75' lang='grc' dir='ltr'><strong>ὃς</strong></span> <span class='ocrx_word' id='word_1_85' title='bbox 1309 1420 1375 1499; x_wconf 73' lang='grc' dir='ltr'><strong>ζωὴ,</strong></span> <span class='ocrx_word' id='word_1_86' title='bbox 1391 1417 1451 1482; x_wconf 83' lang='lat' dir='ltr'><strong>nisi</strong></span> 
     </span>
     <span class='ocr_line' id='line_1_12' title="bbox 402 1506 890 1574; baseline -0.004 -3"><span class='ocrx_word' id='word_1_87' title='bbox 402 1507 486 1572; x_wconf 78' lang='lat' dir='ltr'><strong>forto</strong></span> <span class='ocrx_word' id='word_1_88' title='bbox 499 1506 541 1572; x_wconf 71' lang='grc' dir='ltr'><strong>ὧν</strong></span> <span class='ocrx_word' id='word_1_89' title='bbox 577 1528 614 1572; x_wconf 85' lang='lat' dir='ltr'><strong>ro</strong></span> <span class='ocrx_word' id='word_1_90' title='bbox 629 1507 668 1574; x_wconf 76' lang='grc' dir='ltr'><strong>ὣς</strong></span> <span class='ocrx_word' id='word_1_91' title='bbox 681 1507 890 1572; x_wconf 79' lang='lat' dir='ltr'><strong>eoribendum.</strong></span> 
     </span>
    </p>

    <p class='ocr_par' dir='ltr' id='par_1_5' title="bbox 446 1527 1452 1676">
     <span class='ocr_line' id='line_1_13' title="bbox 446 1527 1452 1676; baseline -0.002 -20"><span class='ocrx_word' id='word_1_92' title='bbox 446 1593 483 1657; x_wconf 91' lang='lat' dir='ltr'><strong>P.</strong></span> <span class='ocrx_word' id='word_1_93' title='bbox 497 1527 585 1674; x_wconf 75' lang='lat' dir='ltr'><strong>78.i.</strong></span> <span class='ocrx_word' id='word_1_94' title='bbox 598 1613 646 1656; x_wconf 89' lang='lat'><strong>10.</strong></span> <span class='ocrx_word' id='word_1_95' title='bbox 659 1592 717 1658; x_wconf 82' lang='grc' dir='ltr'><strong>ὑπὸ</strong></span> <span class='ocrx_word' id='word_1_96' title='bbox 732 1593 882 1673; x_wconf 78' lang='grc' dir='ltr'>ποιμένων</span> <span class='ocrx_word' id='word_1_97' title='bbox 892 1590 1108 1676; x_wconf 75' lang='grc' dir='ltr'>θεωρούμενος]</span> <span class='ocrx_word' id='word_1_98' title='bbox 1121 1591 1199 1673; x_wconf 75' lang='lat' dir='ltr'><strong>Quae</strong></span> <span class='ocrx_word' id='word_1_99' title='bbox 1210 1591 1262 1656; x_wconf 91' lang='lat' dir='ltr'><strong>hio</strong></span> <span class='ocrx_word' id='word_1_100' title='bbox 1276 1596 1452 1676; x_wconf 80' lang='lat' dir='ltr'><strong>sequuntur</strong></span> 
     </span>
    </p>
   </div>
   <div class='ocr_carea' id='block_1_3' title="bbox 401 1677 1451 1937">
    <p class='ocr_par' dir='ltr' id='par_1_6' title="bbox 401 1677 1451 1937">
     <span class='ocr_line' id='line_1_14' title="bbox 401 1677 1451 1827; baseline -0.002 -85"><span class='ocrx_word' id='word_1_101' title='bbox 401 1680 589 1744; x_wconf 74' lang='lat' dir='ltr'><strong>adverbum</strong></span> <span class='ocrx_word' id='word_1_102' title='bbox 610 1678 676 1744; x_wconf 78' lang='lat' dir='ltr'><strong>iere</strong></span> <span class='ocrx_word' id='word_1_103' title='bbox 694 1679 889 1780; x_wconf 72' lang='lat' dir='ltr'><strong>penveniunt</strong></span> <span class='ocrx_word' id='word_1_104' title='bbox 911 1701 983 1743; x_wconf 91' lang='lat' dir='ltr'><strong>oum</strong></span> <span class='ocrx_word' id='word_1_105' title='bbox 1005 1678 1061 1779; x_wconf 62' lang='lat' dir='ltr'><strong>eie,</strong></span> <span class='ocrx_word' id='word_1_106' title='bbox 1076 1697 1148 1778; x_wconf 71' lang='lat' dir='ltr'><strong>qnoe</strong></span> <span class='ocrx_word' id='word_1_107' title='bbox 1170 1699 1212 1742; x_wconf 84' lang='lat' dir='ltr'><strong>ex</strong></span> <span class='ocrx_word' id='word_1_108' title='bbox 1230 1677 1265 1742; x_wconf 90' lang='lat' dir='ltr'><strong>S.</strong></span> <span class='ocrx_word' id='word_1_109' title='bbox 1282 1677 1451 1827; x_wconf 61' lang='lat' dir='ltr'><strong>Hippplyti</strong></span> 
     </span>
     <span class='ocr_line' id='line_1_15' title="bbox 404 1763 1451 1848; baseline -0.001 -20"><span class='ocrx_word' id='word_1_110' title='bbox 404 1765 562 1830; x_wconf 76' lang='lat' dir='ltr'><strong>Memorio</strong></span> <span class='ocrx_word' id='word_1_111' title='bbox 578 1763 758 1830; x_wconf 78' lang='lat' dir='ltr'><strong>Haereerum</strong></span> <span class='ocrx_word' id='word_1_112' title='bbox 772 1764 884 1830; x_wconf 79' lang='lat' dir='ltr'><strong>laudnt</strong></span> <span class='ocrx_word' id='word_1_113' title='bbox 899 1765 934 1830; x_wconf 88' lang='lat' dir='ltr'><strong>S.</strong></span> <span class='ocrx_word' id='word_1_114' title='bbox 950 1765 1095 1830; x_wconf 67' lang='lat' dir='ltr'><strong>Gelenius</strong></span> <span class='ocrx_word' id='word_1_115' title='bbox 1109 1786 1142 1827; x_wconf 87' lang='lat' dir='ltr'><strong>m</strong></span> <span class='ocrx_word' id='word_1_116' title='bbox 1159 1763 1229 1829; x_wconf 92' lang='lat' dir='ltr'><strong>looo</strong></span> <span class='ocrx_word' id='word_1_117' title='bbox 1242 1784 1338 1848; x_wconf 91' lang='lat' dir='ltr'><strong>quem</strong></span> <span class='ocrx_word' id='word_1_118' title='bbox 1395 1763 1451 1827; x_wconf 80' lang='lat' dir='ltr'><strong>bes</strong></span> 
     </span>
     <span class='ocr_line' id='line_1_16' title="bbox 402 1849 1449 1937; baseline -0.001 -23"><span class='ocrx_word' id='word_1_119' title='bbox 402 1873 500 1937; x_wconf 82' lang='lat' dir='ltr'><strong>supro</strong></span> <span class='ocrx_word' id='word_1_120' title='bbox 515 1858 539 1916; x_wconf 90' lang='lat' dir='ltr'><strong>t.</strong></span> <span class='ocrx_word' id='word_1_121' title='bbox 555 1850 582 1915; x_wconf 90' lang='grc' dir='ltr'><strong>Ι.</strong></span> <span class='ocrx_word' id='word_1_122' title='bbox 597 1873 630 1937; x_wconf 89' lang='lat' dir='ltr'><strong>p.</strong></span> <span class='ocrx_word' id='word_1_123' title='bbox 647 1867 720 1936; x_wconf 81' lang='lat'><strong>225.</strong></span> <span class='ocrx_word' id='word_1_124' title='bbox 744 1849 829 1915; x_wconf 89' lang='lat' dir='ltr'><strong>Vide</strong></span> <span class='ocrx_word' id='word_1_125' title='bbox 843 1859 877 1916; x_wconf 89' lang='lat' dir='ltr'><strong>et</strong></span> <span class='ocrx_word' id='word_1_126' title='bbox 892 1872 963 1936; x_wconf 83' lang='lat' dir='ltr'><strong>quae</strong></span> <span class='ocrx_word' id='word_1_127' title='bbox 974 1851 1194 1915; x_wconf 80' lang='lat' dir='ltr'><strong>Theodoretus</strong></span> <span class='ocrx_word' id='word_1_128' title='bbox 1209 1873 1243 1936; x_wconf 88' lang='lat' dir='ltr'><strong>p.</strong></span> <span class='ocrx_word' id='word_1_129' title='bbox 1259 1850 1332 1914; x_wconf 85' lang='lat'>268.</span> <span class='ocrx_word' id='word_1_130' title='bbox 1350 1849 1449 1914; x_wconf 68' lang='lat' dir='ltr'><strong>Fine.</strong></span> 
     </span>
    </p>
   </div>
   <div class='ocr_carea' id='block_1_4' title="bbox 401 1935 1451 2972">
    <p class='ocr_par' dir='ltr' id='par_1_7' title="bbox 401 1935 1451 2530">
     <span class='ocr_line' id='line_1_17' title="bbox 402 1935 1450 2023; baseline 0 -23"><span class='ocrx_word' id='word_1_131' title='bbox 402 1936 540 2002; x_wconf 84' lang='lat' dir='ltr'><strong>Prorsus</strong></span> <span class='ocrx_word' id='word_1_132' title='bbox 554 1943 588 2001; x_wconf 93' lang='lat' dir='ltr'><strong>et</strong></span> <span class='ocrx_word' id='word_1_133' title='bbox 601 1937 645 2000; x_wconf 82' lang='lat' dir='ltr'><strong>ed</strong></span> <span class='ocrx_word' id='word_1_134' title='bbox 658 1959 796 2023; x_wconf 81' lang='lat' dir='ltr'><strong>unguem</strong></span> <span class='ocrx_word' id='word_1_135' title='bbox 809 1938 1000 2002; x_wconf 85' lang='lat' dir='ltr'><strong>eonveniunt</strong></span> <span class='ocrx_word' id='word_1_136' title='bbox 1013 1935 1132 2002; x_wconf 63' lang='lat' dir='ltr'><strong>&amp;elesii</strong></span> <span class='ocrx_word' id='word_1_137' title='bbox 1146 1935 1201 2001; x_wconf 84' lang='lat' dir='ltr'><strong>ille</strong></span> <span class='ocrx_word' id='word_1_138' title='bbox 1222 1957 1294 2000; x_wconf 90' lang='lat' dir='ltr'><strong>oum</strong></span> <span class='ocrx_word' id='word_1_139' title='bbox 1315 1935 1363 2014; x_wconf 80' lang='lat' dir='ltr'><strong>iis,</strong></span> <span class='ocrx_word' id='word_1_140' title='bbox 1380 1955 1450 2020; x_wconf 81' lang='lat' dir='ltr'><strong>quae</strong></span> 
     </span>
     <span class='ocr_line' id='line_1_18' title="bbox 401 2021 1451 2109; baseline -0.001 -23"><span class='ocrx_word' id='word_1_141' title='bbox 401 2023 536 2107; x_wconf 89' lang='lat' dir='ltr'><strong>protulit</strong></span> <span class='ocrx_word' id='word_1_142' title='bbox 559 2021 779 2087; x_wconf 81' lang='lat' dir='ltr'><strong>Theodoretue</strong></span> <span class='ocrx_word' id='word_1_143' title='bbox 811 2023 844 2087; x_wconf 89' lang='lat' dir='ltr'><strong>in</strong></span> <span class='ocrx_word' id='word_1_144' title='bbox 869 2023 1000 2109; x_wconf 76' lang='lat' dir='ltr'><strong>Dialopo</strong></span> <span class='ocrx_word' id='word_1_145' title='bbox 1032 2022 1170 2088; x_wconf 66' lang='lat' dir='ltr'><strong>Semo</strong></span> <span class='ocrx_word' id='word_1_146' title='bbox 1201 2044 1242 2086; x_wconf 85' lang='lat' dir='ltr'><strong>ex</strong></span> <span class='ocrx_word' id='word_1_147' title='bbox 1271 2021 1451 2108; x_wconf 86' lang='lat' dir='ltr'><strong>Hippolyto</strong></span> 
     </span>
     <span class='ocr_line' id='line_1_19' title="bbox 401 2108 1451 2195; baseline 0 -23"><span class='ocrx_word' id='word_1_148' title='bbox 401 2109 538 2195; x_wconf 87' lang='lat' dir='ltr'><strong>quidem,</strong></span> <span class='ocrx_word' id='word_1_149' title='bbox 563 2109 620 2174; x_wconf 82' lang='lat' dir='ltr'><strong>sed</strong></span> <span class='ocrx_word' id='word_1_150' title='bbox 643 2116 680 2173; x_wconf 90' lang='lat' dir='ltr'><strong>ut</strong></span> <span class='ocrx_word' id='word_1_151' title='bbox 705 2108 824 2174; x_wconf 89' lang='lat' dir='ltr'><strong>ibidem</strong></span> <span class='ocrx_word' id='word_1_152' title='bbox 848 2110 904 2188; x_wconf 86' lang='lat' dir='ltr'><strong>eit,</strong></span> <span class='ocrx_word' id='word_1_153' title='bbox 931 2131 968 2175; x_wconf 75' lang='lat' dir='ltr'><strong>eo</strong></span> <span class='ocrx_word' id='word_1_154' title='bbox 993 2109 1201 2174; x_wconf 64' lang='lat' dir='ltr'><strong>meatem</strong></span> <span class='ocrx_word' id='word_1_155' title='bbox 1226 2108 1295 2192; x_wconf 82' lang='lat' dir='ltr'><strong>ejus</strong></span> <span class='ocrx_word' id='word_1_156' title='bbox 1317 2109 1451 2173; x_wconf 76' lang='lat' dir='ltr'><strong>Seormdi</strong></span> 
     </span>
     <span class='ocr_line' id='line_1_20' title="bbox 401 2193 1451 2282; baseline 0.001 -24"><span class='ocrx_word' id='word_1_157' title='bbox 401 2195 525 2260; x_wconf 79' lang='lat' dir='ltr'><strong>Peobmi</strong></span> <span class='ocrx_word' id='word_1_158' title='bbox 546 2194 725 2280; x_wconf 75' lang='lat' dir='ltr'><strong>desumpto.</strong></span> <span class='ocrx_word' id='word_1_159' title='bbox 772 2195 856 2260; x_wconf 82' lang='lat' dir='ltr'><strong>Felli</strong></span> <span class='ocrx_word' id='word_1_160' title='bbox 875 2218 951 2282; x_wconf 80' lang='lat' dir='ltr'><strong>ergo</strong></span> <span class='ocrx_word' id='word_1_161' title='bbox 965 2196 1091 2260; x_wconf 85' lang='lat' dir='ltr'><strong>videtur</strong></span> <span class='ocrx_word' id='word_1_162' title='bbox 1105 2193 1251 2260; x_wconf 57' lang='lat' dir='ltr'><strong>(telesino</strong></span> <span class='ocrx_word' id='word_1_163' title='bbox 1272 2193 1451 2260; x_wconf 77' lang='lat' dir='ltr'><strong>attribuens</strong></span> 
     </span>
     <span class='ocr_line' id='line_1_21' title="bbox 401 2280 1451 2368; baseline -0.001 -22"><span class='ocrx_word' id='word_1_164' title='bbox 401 2280 499 2346; x_wconf 82' lang='lat' dir='ltr'><strong>verba</strong></span> <span class='ocrx_word' id='word_1_165' title='bbox 513 2303 534 2345; x_wconf 88' lang='lat' dir='ltr'><strong>e</strong></span> <span class='ocrx_word' id='word_1_166' title='bbox 544 2302 578 2344; x_wconf 80' lang='lat' dir='ltr'><strong>ee</strong></span> <span class='ocrx_word' id='word_1_167' title='bbox 589 2280 716 2366; x_wconf 76' lang='lat' dir='ltr'><strong>prolate</strong></span> <span class='ocrx_word' id='word_1_168' title='bbox 729 2281 772 2344; x_wconf 81' lang='lat' dir='ltr'><strong>nd</strong></span> <span class='ocrx_word' id='word_1_169' title='bbox 784 2280 829 2345; x_wconf 92' lang='lat' dir='ltr'><strong>Hi</strong></span> <span class='ocrx_word' id='word_1_170' title='bbox 854 2281 953 2368; x_wconf 84' lang='lat' dir='ltr'><strong>polyti</strong></span> <span class='ocrx_word' id='word_1_171' title='bbox 967 2280 1152 2347; x_wconf 67' lang='lat' dir='ltr'><strong>Memoriam</strong></span> <span class='ocrx_word' id='word_1_172' title='bbox 1165 2281 1349 2358; x_wconf 63' lang='lat' dir='ltr'><strong>Hermum,</strong></span> <span class='ocrx_word' id='word_1_173' title='bbox 1361 2280 1451 2365; x_wconf 75' lang='lat' dir='ltr'><strong>eujus</strong></span> 
     </span>
     <span class='ocr_line' id='line_1_22' title="bbox 402 2365 1451 2456; baseline 0 -26"><span class='ocrx_word' id='word_1_174' title='bbox 402 2387 477 2451; x_wconf 81' lang='lat' dir='ltr'><strong>pere</strong></span> <span class='ocrx_word' id='word_1_175' title='bbox 500 2373 550 2431; x_wconf 81' lang='lat' dir='ltr'><strong>eet</strong></span> <span class='ocrx_word' id='word_1_176' title='bbox 572 2366 641 2432; x_wconf 84' lang='lat' dir='ltr'><strong>haeo</strong></span> <span class='ocrx_word' id='word_1_177' title='bbox 665 2365 787 2432; x_wconf 74' lang='lat' dir='ltr'><strong>Uentre</strong></span> <span class='ocrx_word' id='word_1_178' title='bbox 841 2375 950 2433; x_wconf 67' lang='lat' dir='ltr'><strong>etitem</strong></span> <span class='ocrx_word' id='word_1_179' title='bbox 971 2366 1158 2456; x_wconf 76' lang='lat' dir='ltr'><strong>disputatio,</strong></span> <span class='ocrx_word' id='word_1_180' title='bbox 1181 2366 1214 2430; x_wconf 91' lang='lat' dir='ltr'><strong>in</strong></span> <span class='ocrx_word' id='word_1_181' title='bbox 1238 2388 1302 2452; x_wconf 83' lang='lat' dir='ltr'><strong>que</strong></span> <span class='ocrx_word' id='word_1_182' title='bbox 1322 2374 1451 2432; x_wconf 84' lang='lat' dir='ltr'><strong>tentum</strong></span> 
     </span>
     <span class='ocr_line' id='line_1_23' title="bbox 401 2451 908 2530; baseline 0.002 -14"><span class='ocrx_word' id='word_1_183' title='bbox 401 2451 524 2530; x_wconf 78' lang='lat' dir='ltr'><strong>similia,</strong></span> <span class='ocrx_word' id='word_1_184' title='bbox 540 2473 605 2517; x_wconf 91' lang='lat' dir='ltr'><strong>non</strong></span> <span class='ocrx_word' id='word_1_185' title='bbox 619 2453 740 2530; x_wconf 79' lang='lat' dir='ltr'><strong>eedem,</strong></span> <span class='ocrx_word' id='word_1_186' title='bbox 756 2453 908 2519; x_wconf 80' lang='lat' dir='ltr'><strong>existunt.</strong></span> 
     </span>
    </p>

    <p class='ocr_par' dir='ltr' id='par_1_8' title="bbox 401 2537 1450 2776">
     <span class='ocr_line' id='line_1_24' title="bbox 446 2537 1448 2624; baseline 0.002 -22"><span class='ocrx_word' id='word_1_187' title='bbox 446 2538 529 2602; x_wconf 88' lang='lat' dir='ltr'><strong>Ibid.</strong></span> <span class='ocrx_word' id='word_1_188' title='bbox 544 2538 564 2602; x_wconf 88' lang='lat' dir='ltr'><strong>l.</strong></span> <span class='ocrx_word' id='word_1_189' title='bbox 586 2554 634 2621; x_wconf 83' lang='grc'><strong>17.</strong></span> <span class='ocrx_word' id='word_1_190' title='bbox 650 2543 852 2621; x_wconf 80' lang='grc' dir='ltr'>στεφανοῦται</span> <span class='ocrx_word' id='word_1_191' title='bbox 867 2543 941 2605; x_wconf 70' lang='grc' dir='ltr'>κατὰ</span> <span class='ocrx_word' id='word_1_192' title='bbox 955 2537 1117 2624; x_wconf 78' lang='grc' dir='ltr'>διαβόλου]</span> <span class='ocrx_word' id='word_1_193' title='bbox 1134 2538 1283 2603; x_wconf 76' lang='lat' dir='ltr'><strong>Victores</strong></span> <span class='ocrx_word' id='word_1_194' title='bbox 1297 2537 1330 2601; x_wconf 92' lang='lat' dir='ltr'><strong>in</strong></span> <span class='ocrx_word' id='word_1_195' title='bbox 1345 2544 1448 2604; x_wconf 72' lang='lat' dir='ltr'><strong>eorta-</strong></span> 
     </span>
     <span class='ocr_line' id='line_1_25' title="bbox 401 2622 1450 2711; baseline 0.002 -24"><span class='ocrx_word' id='word_1_196' title='bbox 401 2622 539 2688; x_wconf 81' lang='lat' dir='ltr'><strong>minibne</strong></span> <span class='ocrx_word' id='word_1_197' title='bbox 561 2625 815 2702; x_wconf 67' lang='lat' dir='ltr'><strong>ooronebentun</strong></span> <span class='ocrx_word' id='word_1_198' title='bbox 840 2627 880 2692; x_wconf 89' lang='lat' dir='ltr'><strong>de</strong></span> <span class='ocrx_word' id='word_1_199' title='bbox 904 2647 967 2711; x_wconf 90' lang='lat' dir='ltr'><strong>quo</strong></span> <span class='ocrx_word' id='word_1_200' title='bbox 990 2626 1092 2691; x_wconf 84' lang='lat' dir='ltr'><strong>multe</strong></span> <span class='ocrx_word' id='word_1_201' title='bbox 1113 2625 1247 2692; x_wconf 74' lang='lat' dir='ltr'><strong>nerone</strong></span> <span class='ocrx_word' id='word_1_202' title='bbox 1264 2623 1450 2689; x_wconf 81' lang='lat' dir='ltr'><strong>Peeohnlius</strong></span> 
     </span>
     <span class='ocr_line' id='line_1_26' title="bbox 401 2708 922 2776; baseline 0.004 -4"><span class='ocrx_word' id='word_1_203' title='bbox 401 2708 482 2774; x_wconf 89' lang='lat' dir='ltr'><strong>libro</strong></span> <span class='ocrx_word' id='word_1_204' title='bbox 497 2717 589 2775; x_wconf 83' lang='lat' dir='ltr'><strong>sexto</strong></span> <span class='ocrx_word' id='word_1_205' title='bbox 604 2711 644 2775; x_wconf 89' lang='lat' dir='ltr'><strong>de</strong></span> <span class='ocrx_word' id='word_1_206' title='bbox 658 2711 800 2776; x_wconf 75' lang='lat' dir='ltr'><strong>Ooronie</strong></span> <span class='ocrx_word' id='word_1_207' title='bbox 824 2711 922 2776; x_wconf 67' lang='lat' dir='ltr'><strong>Fieri„</strong></span> 
     </span>
    </p>

    <p class='ocr_par' dir='ltr' id='par_1_9' title="bbox 402 2796 1447 2972">
     <span class='ocr_line' id='line_1_27' title="bbox 445 2796 1447 2884; baseline 0.001 -25"><span class='ocrx_word' id='word_1_208' title='bbox 445 2796 484 2861; x_wconf 92' lang='lat' dir='ltr'><strong>P.</strong></span> <span class='ocrx_word' id='word_1_209' title='bbox 503 2814 553 2882; x_wconf 87' lang='lat'><strong>79.</strong></span> <span class='ocrx_word' id='word_1_210' title='bbox 573 2797 595 2861; x_wconf 90' lang='lat' dir='ltr'><strong>l.</strong></span> <span class='ocrx_word' id='word_1_211' title='bbox 615 2815 665 2862; x_wconf 81' lang='lat'><strong>12.</strong></span> <span class='ocrx_word' id='word_1_212' title='bbox 687 2798 743 2861; x_wconf 83' lang='grc' dir='ltr'><strong>τὸν</strong></span> <span class='ocrx_word' id='word_1_213' title='bbox 762 2800 822 2880; x_wconf 74' lang='grc' dir='ltr'><strong>γὰρ</strong></span> <span class='ocrx_word' id='word_1_214' title='bbox 848 2797 1032 2884; x_wconf 79' lang='grc' dir='ltr'>κοσμήτορα]</span> <span class='ocrx_word' id='word_1_215' title='bbox 1060 2797 1255 2883; x_wconf 83' lang='lat' dir='ltr'><strong>Legendum,</strong></span> <span class='ocrx_word' id='word_1_216' title='bbox 1281 2797 1334 2861; x_wconf 83' lang='grc' dir='ltr'><strong>τόν</strong></span> <span class='ocrx_word' id='word_1_217' title='bbox 1359 2821 1397 2879; x_wconf 84' lang='grc' dir='ltr'><strong>γε</strong></span> <span class='ocrx_word' id='word_1_218' title='bbox 1423 2822 1447 2860; x_wconf 86' lang='grc' dir='ltr'><strong>κ.</strong></span> 
     </span>
     <span class='ocr_line' id='line_1_28' title="bbox 402 2881 1418 2972; baseline 0.003 -27"><span class='ocrx_word' id='word_1_219' title='bbox 402 2901 474 2945; x_wconf 89' lang='lat' dir='ltr'><strong>oum</strong></span> <span class='ocrx_word' id='word_1_220' title='bbox 489 2881 672 2972; x_wconf 84' lang='lat' dir='ltr'><strong>interprete,</strong></span> <span class='ocrx_word' id='word_1_221' title='bbox 688 2889 726 2948; x_wconf 89' lang='lat' dir='ltr'><strong>ut</strong></span> <span class='ocrx_word' id='word_1_222' title='bbox 740 2883 809 2950; x_wconf 81' lang='lat' dir='ltr'><strong>haeo</strong></span> <span class='ocrx_word' id='word_1_223' title='bbox 823 2884 983 2951; x_wconf 73' lang='lat' dir='ltr'><strong>sententie</strong></span> <span class='ocrx_word' id='word_1_224' title='bbox 996 2905 1069 2950; x_wconf 87' lang='lat' dir='ltr'><strong>oum</strong></span> <span class='ocrx_word' id='word_1_225' title='bbox 1083 2883 1182 2970; x_wconf 85' lang='lat' dir='ltr'><strong>priori</strong></span> <span class='ocrx_word' id='word_1_226' title='bbox 1196 2883 1418 2968; x_wconf 74' lang='lat' dir='ltr'><strong>conjungetur.</strong></span> 
     </span>
    </p>
   </div>
   <div class='ocr_carea' id='block_1_5' title="bbox 0 0 1662 5198">
    <p class='ocr_par' dir='ltr' id='par_1_10' title="bbox 0 0 1662 5198">
     <span class='ocr_line' id='line_1_29' title="bbox 0 0 1662 5198; baseline 0 0"><span class='ocrx_word' id='word_1_227' title='bbox 0 0 1662 5198; x_wconf 95' lang='lat' dir='ltr'><strong> </strong></span> 
     </span>
    </p>
   </div>
  </div>
 </body>
</html>
