3310 5224
400 489 597 554 CONTRA
619 489 855 558 HAERESIM
879 495 1042 562 ΝΟΕΤῙ.
1202 497 1242 564 61

252 659 304 765 ζ’.
336 659 427 742 Ἐὰν
443 661 482 743 δέ
500 662 608 766 λέγει,
628 664 746 750 Αὐτὸς
767 662 877 748 εἶπεν·
913 667 1012 772 ’Erat
1034 671 1093 750 καὶ
1118 671 1139 750 d
1159 677 1242 752 Πα-

195 787 263 892 τὴρ
290 790 329 870 έν
355 791 476 890 ἐσμεν·
507 791 727 873 έπιστανέτω
747 794 819 895 (for.
836 796 1040 905 ἐπίσταιτο)
1069 795 1134 878 τὸν
1161 809 1246 881 νοῦν

195 919 254 996 καὶ
275 918 494 1018 μοιθοινέτω,
517 918 573 1000 ὅτι
594 921 659 1000 οῦκ
682 917 779 1002 εἶπεν
802 921 857 1002 ὅτι
879 921 950 1026 ἐγὼ
979 927 1038 1004 καὶ
1065 927 1087 1005 ὃ
1115 925 1245 1031 Πατὴρ

195 1045 234 1124 έν
250 1051 330 1145 εἶμι,
349 1046 449 1126 ἀλλὰ
468 1047 507 1126 έν
527 1047 651 1147 ἐσμεν.
692 1046 747 1130 Τὸ
769 1048 842 1154 γάρ
863 1053 975 1152 ε’σμεν
996 1053 1061 1134 οῦκ
1084 1055 1140 1160 ἐφ’
1166 1054 1245 1141 ἐνδυ

168 1171 349 1274 ελέγσαι,
367 1177 452 1254 ἀλλ’
472 1177 529 1256 ἐπὶ
550 1180 619 1272 (for.
638 1177 725 1272 ἐπεὶ,
746 1209 780 1257 οι
799 1187 960 1282 interpres)
980 1177 1044 1260 δύο
1061 1178 1245 1284 πρόσωπα

194 1299 336 1407 ἔδειξεν,
355 1301 504 1404 δύναμιν
526 1302 564 1383 δὲ
586 1305 684 1404 μίαν.
742 1303 860 1390 Αὐτὸς
884 1304 924 1386 δὲ
945 1306 1033 1387 αι’πδ
1061 1307 1244 1390 ἀπέλυσεν

196 1428 269 1525 (for.
294 1429 485 1537 ε’πέλυσεν)
512 1430 622 1512 εἰπὼν
647 1434 729 1535 περὶ
754 1438 926 1534 μαθητῶν
951 1433 1043 1540 πρὸς
1069 1434 1134 1516 τὸν
1162 1441 1243 1516 Πα-

193 1554 290 1658 τέρα·
334 1555 413 1658 Τὴν
439 1556 553 1664 δόξαν
579 1557 624 1658 ἣν
650 1558 783 1644 ἔδωκάς·
806 1593 879 1660 μοι,
896 1561 1012 1642 ἔδωκα
1035 1564 1166 1661 αὐτοῖς,
1184 1565 1243 1642 ἵνα

193 1678 285 1762 ὦσιν
302 1682 351 1783 ἓν,
369 1683 486 1769 saonis
505 1687 604 1784 ἡμεῖς
622 1687 672 1766 έν.
722 1686 821 1790 Ἐγιδ
838 1689 878 1768 ἐν
900 1690 1029 1788 αὐτοῖς,
1047 1693 1107 1770 καὶ
1133 1688 1187 1771 Σῦ
1204 1693 1243 1770 ἐν

150 1812 285 1908 ιοέμοὶ,
314 1810 372 1890 ἵνα
394 1808 486 1892 ὦσιν
511 1814 772 1914 τετελειωμένοι
797 1821 845 1898 εἰς
873 1815 920 1912 ἓν,
944 1817 1002 1896 ἵνα
1028 1818 1192 1923 γινώσκῃ
1220 1819 1242 1896 ὁ

192 1936 330 2037 κόσμος
348 1939 403 2019 ὅτι
422 1939 476 2020 Σύ
492 1975 536 2040 με
555 1941 782 2026 ἀπέστειλας.
822 1943 874 2023 Τι’
883 1940 974 2048 πρὸς
987 1951 1100 2024 ταῦτα
1117 1945 1242 2050 έχουσι

192 2064 312 2168 λέγειν
329 2073 363 2147 οἱ
382 2071 603 2168 Νοητιανοί;
636 2065 703 2167 Μὴ
721 2066 852 2154 πάντες
870 2069 909 2151 ἓν
926 2069 1037 2169 σιῦμοὶ
1050 2074 1152 2152 ἐστιν
1167 2075 1240 2176 (for.

193 2196 316 2294 ἐσμεν)
337 2194 428 2275 κατὰ
445 2193 511 2296 τὴν
529 2197 679 2290 οὐσίανς
708 2191 732 2294 ἢ
751 2201 796 2301 τῇ
815 2195 960 2298 δυνάμει
978 2201 1036 2278 καὶ
1054 2205 1100 2306 τῇ
1118 2199 1239 2280 διαθέ-

192 2355 250 2400 σει
268 2326 332 2422 τῆς
349 2324 568 2430 ὁμοφρονέοις
592 2321 631 2402 ἓν
653 2319 845 2425 γινόμεθας
873 2324 938 2406 τὸν
958 2324 1068 2406 αὑτὸν
1089 2325 1133 2428 δὴ
1151 2327 1239 2431 τρό-

148 2483 263 2560 ,5πον
290 2453 310 2530 ὁ
333 2459 418 2536 παῖς
442 2454 462 2531 ὁ
486 2454 662 2559 πεμφθεὶς
688 2453 747 2532 καὶ
771 2453 830 2532 ὑπ’
853 2454 972 2534 αῦτιῦν
987 2453 1038 2555 μὴ
1056 2454 1239 2557 γινωσκό-

190 2610 296 2677 μενοι
327 2578 441 2660 ὅντων
476 2583 515 2660 ε’ν
547 2577 684 2688 κόσμῳ,
722 2579 961 2683 ὡμολόγησεν
991 2577 1079 2661 εἶναι
1114 2583 1154 2661 ἐν
1189 2587 1242 2692 τῷ

193 2709 311 2812 Πατρὶ
323 2706 479 2808 δυνάμει,
495 2707 651 2790 διαθέσει
666 2707 747 2817 (for.
761 2711 820 2788 καὶ
834 2707 910 2817 δ.).
932 2707 998 2794 Εἷς
1014 2709 1092 2819 (for.
1100 2705 1239 2818 Ἔστι)

191 2832 264 2939 γὰρ
283 2844 363 2920 νοῦς
383 2836 530 2941 [Iaspis
552 2839 573 2916 ὁ
600 2842 697 2919 παῖς.
755 2841 806 2916 Oi
824 2845 908 2917 νοῦν
934 2835 1081 2941 Harpis·
1098 2836 1241 2944 ἔχοισει·

190 2961 285 3042 οὕτω
305 2965 384 3072 (for.
412 2961 549 3072 τούτῳ)
574 2960 800 3062 πιστεύομεν.
860 2968 911 3043 Oi
938 2964 976 3043 δὲ
997 2962 1062 3045 τὸν
1080 2972 1165 3045 νοῦν
1187 2963 1240 3066 μὴ

233 3163 307 3222 VII.
330 3163 363 3222 Si
384 3174 482 3223 sutem
507 3163 602 3224 dicut:
631 3163 694 3244 ipse
735 3165 1241 3246 usumscogsossasmssdusquod

190 3243 284 3303 dixit:
308 3245 396 3324 ¹Ego
406 3254 432 3303 el
444 3245 537 3304 Pater
547 3266 633 3304 ιιιιυοι
644 3266 693 3302 ευ-
735 3252 766 3303 tu
780 3265 823 3303 me
832 3244 944 3304 misisti.
975 3245 1058 3318 Quid
1071 3244 1108 3304 sd
1121 3245 1238 3306 hacdi-

190 3345 275 3391 mm
294 3325 428 3384 advertat
447 3325 587 3393 animum,
603 3334 634 3384 et
647 3325 694 3383 in.
735 3344 800 3384 cere
814 3335 937 3401 possunt
951 3325 1113 3385 Nostisni?
1139 3326 1239 3386 Num.

190 3403 303 3483 telligut
312 3405 391 3483 quod
406 3425 464 3464 non
479 3405 571 3465 dixit:
588 3407 653 3486 Ego
667 3414 693 3464 ct
734 3403 805 3482 quid
822 3423 923 3463 omnes
941 3425 1032 3464 unum
1049 3425 1154 3486 eorpus
1168 3418 1239 3467 suut

191 3485 284 3544 Pater
292 3507 378 3544 snum
387 3507 472 3552 sum
487 3487 634 3545 sedunum
645 3507 693 3545 su·
734 3485 894 3544 secundum
905 3486 1117 3545 substantiam?
1135 3507 1173 3545 su
1187 3508 1237 3547 vs·

190 3586 260 3623 ουιι.
303 3566 383 3625 Illud
403 3567 492 3633 enim,
513 3588 619 3636 sumus,
634 3587 693 3625 non
735 3587 768 3625 το
786 3575 932 3646 potestate
945 3577 976 3626 et
994 3565 1149 3626 affectione
1168 3588 1237 3627 con·

188 3645 297 3705 dicitur
318 3648 354 3706 de
375 3667 445 3714 uno,
467 3646 519 3705 sed
543 3649 584 3706 sic
608 3647 693 3716 dixit,
734 3645 877 3706 tensionis
901 3657 931 3705 et
959 3645 1118 3706 consordiae
1145 3667 1237 3708 unum

188 3726 258 3803 quia
271 3727 344 3786 duas
357 3747 495 3808 personas
515 3727 694 3786 demonstra-
734 3727 896 3787 efficimur?
915 3725 966 3786 Ad
978 3725 1103 3786 eundem
1118 3728 1237 3788 modum

187 3813 334 3873 vitutum
344 3821 441 3868 sutem
451 3809 623 3886 potentiam.
633 3809 694 3867 sive
735 3828 808 3887 puer
821 3807 936 3877 missus,
947 3817 978 3866 et
990 3807 1028 3866 iis
1041 3807 1091 3884 qui
1106 3807 1137 3866 iu
1150 3828 1238 3868 muu-

188 3891 337 3951 virtutem.
372 3890 441 3969 Ipse
457 3889 512 3948 hoc
526 3889 693 3969 explicavit,
735 3888 773 3948 do
795 3897 888 3958 erunt,
911 3897 985 3947 cnou
1006 3887 1149 3965 cognitus,
1168 3909 1237 3948 σοο-

187 3993 255 4031 cum
275 3970 351 4030 dixit
365 3969 402 4029 de
416 3969 567 4049 discipulis
581 3969 618 4029 ud
635 3971 693 4028 Pu·
734 3968 828 4028 fessus
842 3977 887 4028 est
901 3989 932 4027 se
945 3987 1007 4028 esse
1026 3967 1058 4025 iu
1077 3967 1166 4028 Putre
1184 3989 1237 4048 po-

188 4064 282 4112 trum:
304 4049 458 4111 buzarum
479 4072 564 4131 quum
589 4050 693 4110 dedisti
732 4059 849 4116 testate,
884 4048 1038 4108 affectione
1071 4050 1236 4110 consensio·

187 4132 268 4204 misi,
279 4133 346 4192 dedi
355 4131 416 4198 ειί,·
436 4131 533 4191 utsint
543 4153 639 4201 unum,
650 4131 693 4190 sic
732 4130 795 4188 nis:
819 4149 878 4188 uns
890 4129 967 4188 enim
982 4148 1065 4188 mens
1079 4129 1177 4189 Putris
1191 4143 1237 4192 est

188 4223 483 4274 utnosusumsumss.
502 4212 693 4292 Egoins'pss's,
732 4229 816 4289 puer.
845 4209 906 4282 Qui
919 4219 1017 4268 autem
1035 4219 1162 4270 mentum
1182 4213 1235 4272 Pu·

188 4303 214 4353 ει
229 4303 259 4352 ιιι
274 4295 304 4353 ιἰι
318 4315 385 4360 τινες
412 4302 443 4353 ut
456 4293 514 4353 siut
526 4291 648 4374 perfecti
662 4293 690 4351 s‘n
732 4290 787 4350 tris
823 4290 971 4358 habemus,
998 4289 1040 4350 sic
1070 4291 1233 4353 credimus:

318 4459 333 4488 ι
344 4447 403 4498 Joh.
415 4465 441 4497 x.
454 4463 493 4512 30.
636 4450 650 4488 b
665 4447 700 4496 ld.
713 4447 771 4496 xvii.
785 4459 822 4494 n.
962 4455 975 4485 ν
988 4445 1025 4494 ld.
1037 4445 1054 4494 Ι.
1069 4460 1106 4496 ιο.
