3314 5190
382 513 446 578 DE
470 511 628 578 OPERE
652 511 717 578 ET
740 511 1090 578 ELEEMOSYNIS.
1194 511 1261 584 809

214 707 296 758 vere
312 685 403 758 lilios
428 696 510 759 tuos
531 683 658 782 diligis,
681 687 710 759 sl
731 687 781 758 eis
802 683 950 758 exhibes
972 685 1115 782 plenam
1138 695 1176 759 et
1200 709 1261 781 pa-

213 809 351 874 ternam
373 801 598 876 dulcedinem
620 805 787 888 caritatis
804 806 940 898 operari
962 804 1075 899 magis
1092 802 1200 874 debes
1219 807 1262 872 ut

213 918 304 991 lilios
329 928 410 992 tuos
436 919 516 991 Deo
534 921 634 1013 justa
658 923 862 1015 operatione
892 921 1129 993 commendes.
1181 915 1263 990 Nec

214 1059 298 1107 eum
320 1035 440 1107 liberis
466 1036 537 1108 tuis
560 1035 695 1132 cogites
716 1047 855 1131 petrem
878 1037 1004 1130 quiet
1030 1036 1264 1130 temporarius

187 1161 253 1236 set
269 1151 427 1223 infirmus
444 1160 509 1236 est,
527 1153 589 1224 sed
606 1151 708 1225 illum
724 1177 825 1248 pares
842 1155 903 1248 qui
920 1163 1075 1226 aetemus
1088 1160 1126 1224 et
1141 1151 1264 1222 firmus

214 1269 367 1340 liliorum
397 1269 607 1364 spiritalium
637 1267 746 1342 Pater
774 1279 840 1342 est.
890 1267 951 1342 Illi
983 1270 1122 1365 assigna
1155 1265 1265 1339 facul-

214 1393 308 1456 tates
337 1393 417 1456 tuas
447 1409 533 1478 quas
565 1387 763 1459 haeredibus
792 1409 919 1459 servas.
970 1385 1039 1458 Ille
1069 1387 1115 1457 sit
1144 1383 1264 1456 liberis

216 1502 287 1572 tuis
304 1509 412 1585 tutor,
430 1501 491 1572 ille
508 1510 657 1588 curator,
675 1500 736 1575 ille
754 1513 878 1575 contra
894 1525 1016 1576 omnes
1038 1503 1183 1597 injurias
1200 1525 1265 1574 sae-

217 1615 352 1688 culares
386 1619 506 1688 divina
537 1620 725 1712 majestate
764 1628 954 1714 protector.
1005 1617 1264 1690 Patrimonium

171 1751 208 1792 ¹0
218 1733 298 1805 Deo
327 1735 502 1806 creditum
529 1759 595 1806 neo
622 1735 820 1830 respublica
845 1737 959 1829 eripit,
985 1757 1052 1806 nec
1081 1733 1186 1806 fiscus
1212 1735 1266 1805 in-

217 1852 324 1934 vadit,
347 1873 414 1922 nec
436 1849 613 1924 calumnia
635 1853 753 1946 aliqua
774 1853 921 1924 forensis
939 1851 1078 1922 evertit·
1120 1849 1164 1921 In
1184 1859 1266 1922 tuto

217 1967 405 2039 haeredltas
421 1970 567 2061 ponitur
587 1993 668 2062 quae
692 1967 772 2040 Deo
794 1967 940 2040 custode
962 1976 1131 2040 servatur.
1182 1963 1266 2039 Hoc

218 2092 273 2154 est
296 2086 385 2155 caris
406 2085 611 2180 pignoribus
633 2087 671 2156 in
697 2095 878 2180 posterum
900 2087 1094 2180 providere,
1117 2083 1185 2155 boc
1211 2091 1267 2155 est

218 2199 346 2271 futuris
373 2199 575 2273 haeredibus
604 2212 751 2295 paterna
774 2203 909 2296 pietate
934 2200 1117 2274 consulere
1141 2223 1266 2272 secun-

173 2332 207 2393 ¹5
219 2317 305 2388 dum
322 2317 429 2388 fidem
446 2320 629 2413 seripturae
646 2328 778 2391 sanetae
796 2318 965 2391 dicentis:
990 2315 1126 2390 Jonior
1139 2315 1216 2414 sui,
1233 2326 1313 2392 eim
1325 2343 1410 2392 mvn

217 2434 325 2517 sarci,
355 2443 387 2505 et
415 2457 485 2506 noa
521 2435 595 2508 cidi
613 2436 748 2529 jamtum
782 2433 990 2520 derelictam,
1017 2457 1125 2530 nequa
1152 2455 1265 2506 semen

218 2549 288 2644 aar
311 2575 408 2649 operar
427 2575 529 2647 pone.
584 2551 672 2626 Tota
698 2554 754 2626 die
782 2555 963 2626 miseretur
991 2561 1024 2625 et
1041 2549 1206 2650 stromat,
1234 2559 1266 2624 cc

217 2691 329 2739 semen
352 2668 422 2762 pos
445 2670 483 2740 in
506 2668 735 2743 benedictione
757 2679 815 2743 est.
861 2669 909 2742 Et
932 2673 1072 2754 iterum,
1096 2669 1168 2759 Qui
1184 2689 1395 2741 corenam.

217 2792 373 2854 emautur
408 2785 484 2856 aine
517 2787 765 2882 vituperatione
800 2788 838 2857 io
861 2785 1013 2879 justitio,
1047 2783 1158 2857 beatos
1185 2791 1266 2880 pori

173 2897 359 2993 wsefllios
375 2897 553 2996 relinquet.

271 3013 359 3087 XV.
378 3013 628 3088 praevaricator
643 3020 763 3110 itaque
780 3025 818 3089 et
833 3019 994 3111 proditor
1013 3024 1115 3111 pater
1135 3039 1182 3099 es,
1200 3015 1267 3087 nisi

220 3129 301 3202 liliis
322 3132 394 3202 tuis
413 3131 567 3203 fideliter
587 3133 758 3217 consulas,
780 3135 847 3204 nisi
868 3133 1115 3206 conservandis
1137 3133 1189 3204 eis
1212 3153 1268 3204 re·

219 3245 345 3340 ligiosa
369 3256 406 3318 et
432 3271 515 3320 vero
538 3251 673 3343 pietate
696 3251 896 3344 prospicias.
947 3247 1019 3334 Qui
1047 3249 1168 3320 studes
1197 3256 1268 3319 ter-

220 3386 306 3434 reno
322 3365 435 3460 magis
457 3388 564 3458 quam
586 3366 721 3439 coelesti
742 3365 965 3462 patrimonio,
982 3365 1074 3438 lilios
1097 3375 1178 3437 tuos
1195 3366 1268 3437 dia-

174 3479 304 3562 osbolo
338 3485 451 3578 magis
480 3485 728 3556 commendare
757 3503 864 3578 quam
893 3483 1046 3567 Christo,
1071 3481 1126 3554 bis
1156 3479 1268 3554 delin-

221 3599 319 3689 quis;
353 3609 391 3670 et
419 3601 602 3694 geminum
631 3625 672 3672 ac
702 3601 835 3695 duplex
864 3601 998 3672 crimen
1027 3599 1196 3683 admittis,
1230 3607 1269 3671 et

222 3715 317 3806 quod
342 3737 413 3785 non
437 3739 613 3811 praeparas
637 3717 718 3789 liliis
743 3719 815 3790 tuis
840 3716 910 3789 Dei
941 3717 1057 3789 Petris
1085 3715 1268 3800 auxilium,

222 3837 261 3899 et
277 3829 371 3922 quod
397 3832 503 3905 doces
528 3833 619 3905 lilios
643 3835 894 3928 patrimonium
917 3833 997 3930 plus
1019 3857 1137 3906 amare
1162 3855 1270 3927 quam

223 3943 415 4017 Christum.
467 3947 556 4020 Esto
572 3952 691 4044 potius
708 3950 826 4022 liberis
843 3952 914 4022 tuis
934 3959 1035 4045 pater
1054 3949 1135 4022 talis
1157 3949 1271 4045 qualis

175 4059 351 4140 30Tobias
368 4065 501 4136 extitit.
554 4065 611 4138 Da
631 4065 734 4137 utilia
755 4075 793 4138 et
814 4067 981 4139 salutaria
999 4077 1179 4162 praecepta
1194 4067 1272 4162 pig·

224 4177 366 4251 uoribus
384 4177 502 4274 qualia
518 4181 579 4253 ille
596 4181 670 4253 lilio
691 4183 811 4268 dedit;
836 4186 966 4256 manda
984 4183 1067 4256 filiis
1088 4185 1159 4256 tuis
1175 4183 1270 4276 quod

223 4304 261 4365 et
285 4296 348 4368 ille
374 4297 448 4368 lilio
472 4297 663 4383 mandarit,
690 4298 831 4372 dicens:
861 4299 911 4372 Et
936 4324 1036 4387 onoc,
1046 4299 1118 4397 fili,
1144 4299 1386 4377 mendosae.

224 4409 296 4495 tili,
317 4414 407 4486 cerui
427 4411 505 4486 Deo
527 4415 565 4486 in
586 4415 736 4499 ueritate,
754 4426 786 4488 et
796 4413 864 4512 soe
886 4439 1001 4488 eoram
1023 4413 1083 4491 illo
1104 4415 1197 4514 qnod
1216 4413 1272 4490 tlt

21 4829 25 4988 l
