3316 5198
394 475 459 539 DE
483 473 884 540 PRAESCRIPTIONE
909 471 1036 536 HAER.
1176 471 1236 536 151

243 647 313 720 His
338 648 601 720 delinitionibus
630 656 831 741 provocatae
856 671 878 718 a
902 647 1004 718 nobis
1034 653 1071 716 et
1097 648 1239 717 revictae
1284 667 1368 718 cnr.

193 767 345 838 haereses
371 788 493 836 omnes
518 764 607 854 (sive
632 788 713 857 quae
742 773 904 858 posterae,
934 766 1008 835 sive
1038 787 1119 856 quae
1149 786 1241 834 coae-
1271 731 1382 782 Μ

193 892 306 955 taneae
332 881 583 976 apostolorum,
613 880 806 951 dummodo
833 881 1002 964 diversae3
1032 882 1106 951 sive
1134 903 1242 975 gene-

194 997 324 1081 raliter,
358 999 432 1068 sive
470 996 670 1089 specialiter
701 1005 834 1067 notatae
871 996 916 1066 ab
952 997 1013 1078 eis,
1047 994 1241 1066 dummodo

168 1114 462 1207 spraedamnetae)
480 1113 634 1183 audeant
655 1113 866 1204 respondere
887 1108 979 1205 (sor.
1002 1114 1185 1205 reponere)
1204 1119 1242 1181 et

195 1229 281 1321 ipsae
310 1227 445 1320 aliquas
475 1229 648 1320 ejusmodi
678 1228 955 1320 proscriptiones
980 1228 1146 1297 adversus
1180 1249 1243 1296 no-

196 1351 305 1414 stram
328 1343 559 1437 disciplinam.
612 1342 650 1414 Si
674 1345 769 1414 enim
793 1350 924 1436 negant
947 1344 1132 1413 veritatem
1156 1344 1242 1436 ejus,

197 1460 329 1533 debent
358 1460 505 1552 probare
532 1458 629 1529 illam
655 1481 795 1552 quoqne
818 1458 982 1529 haeresim
1006 1481 1091 1541 esse,
1117 1459 1243 1530 eadem

197 1578 310 1648 forme
331 1578 510 1658 revictum
528 1598 598 1667 qua
618 1577 704 1668 ipsae
726 1576 973 1658 revincuntur;
1000 1582 1037 1645 et
1059 1577 1244 1646 ostendere

153 1691 313 1774 rosimul,
330 1691 475 1762 ubinam
492 1691 684 1783 quaerenda
705 1690 752 1760 sit
768 1689 909 1773 veritas,
926 1711 1032 1781 quam
1055 1690 1149 1782 apud
1166 1688 1244 1760 illas

197 1831 269 1878 non
286 1830 362 1878 esse
372 1808 449 1899 jam
466 1812 617 1878 constat.
670 1804 848 1877 Posterior
864 1812 985 1875 nostra
1006 1827 1062 1874 res
1079 1811 1242 1874 nonest:

196 1925 308 1993 immo
338 1922 501 1993 omnibus
530 1923 625 2014 prior
661 1929 725 1992 est.
777 1920 859 1990 Hoc
893 1921 962 1990 erit
1001 1921 1245 1990 testimonium

198 2041 357 2112 veritatis
383 2039 515 2131 ubique
541 2039 745 2131 occupantis
769 2037 1016 2130 principatum.
1068 2035 1174 2120 Quod
1199 2037 1246 2110 ab

198 2153 366 2247 apostolis
399 2155 523 2246 utique
552 2175 624 2224 non
653 2153 850 2235 damnatur,
880 2153 990 2222 immo
1023 2151 1245 2236 defenditur;

154 2269 267 2351 15hoc
303 2271 370 2340 erit
404 2269 575 2339 indicium
604 2268 838 2361 proprietatis.
900 2266 1018 2351 Quam
1048 2269 1144 2339 enirn
1174 2290 1246 2339 non

199 2387 368 2458 damnant
384 2385 445 2477 qui
459 2392 665 2455 extraneam
677 2406 854 2476 quamque
866 2385 1132 2468 damnavenmt,
1146 2405 1246 2455 suam

198 2502 400 2584 ostendunt,
417 2503 568 2592 ideoque
585 2509 623 2570 et
640 2499 844 2570 defendunt.

247 2615 330 2712 Age
349 2619 427 2710 jam
452 2617 513 2708 qui
539 2614 636 2686 voles
661 2616 901 2687 curiositatem
927 2616 1054 2688 melius
1080 2639 1245 2689 exercere
1269 2627 1387 2744 KQ}

197 2733 236 2802 in
264 2733 409 2825 negotio
436 2730 559 2802 salutis
586 2739 681 2814 tuae;
719 2753 883 2824 percurre
913 2732 1079 2805 ecclesias
1107 2743 1247 2829 aposto·
1388 2725 1395 2740 ’

154 2847 304 2920 colicas:
329 2849 423 2941 apud
448 2869 534 2940 quas
556 2848 643 2939 ipsae
668 2847 785 2918 adhuc
810 2847 986 2920 cathedrae
1007 2851 1247 2944 apostolorum

200 2965 271 3035 suis
300 2963 387 3034 locis
420 2963 633 3055 praesident;
672 2966 765 3057 apud
799 2986 885 3056 quas
914 2965 1001 3058 ipsae
1031 2967 1247 3038 authenticae

201 3079 333 3149 litterae
353 3101 475 3149 eorum
499 3080 702 3162 recitantur,
724 3087 890 3152 sonantes
911 3103 1044 3165 vocem,
1062 3091 1100 3152 et
1120 3106 1249 3176 reprae-

202 3202 382 3266 contantes
408 3195 535 3265 faciem
564 3195 848 3288 uniuscujusque.
901 3194 1069 3270 Proxima
1098 3207 1153 3270 est
1181 3199 1248 3270 tibi

201 3311 363 3382 Achaia?
379 3310 489 3382 habes
507 3310 729 3382 Corinthum.
765 3310 804 3382 Si
821 3334 893 3382 non
909 3311 1015 3407 longe
1032 3337 1070 3386 es
1086 3339 1108 3386 a
1126 3315 1249 3388 Maca-

156 3430 316 3512 25donia‚
336 3428 447 3499 habes
472 3427 665 3520 Philippos,
687 3427 796 3498 hebes
820 3427 1157 3506 Thessalonicenses.
1209 3432 1248 3504 Si

201 3553 303 3638 potes
319 3545 357 3614 in
379 3543 506 3614 Asiam
528 3544 684 3625 tendere,
701 3542 810 3614 habes
832 3544 1024 3638 Ephesum.
1068 3547 1108 3618 Si
1128 3557 1250 3621 antem

203 3661 320 3732 Italiae
351 3661 500 3753 adjaces,
526 3660 636 3731 habes
666 3659 829 3743 Romam,
855 3662 950 3733 unde
979 3663 1080 3736 nobis
1110 3689 1250 3758 quoque

203 3777 395 3846 auctoritas
430 3782 561 3868 praesto
595 3783 660 3846 est.
713 3775 789 3846 Ista
823 3799 931 3868 quam
964 3776 1051 3848 felix
1081 3779 1248 3850 ecclesia!

203 3893 261 3961 cui
297 3898 411 3962 totam
447 3890 644 3962 doctrinam
677 3890 827 3983 apostoli
861 3914 944 3962 cum
984 3895 1154 3987 sanguine
1187 3918 1251 3966 suo

157 4007 456 4099 30profuderunt:
498 4005 561 4076 ubi
600 4005 727 4077 Petrus
765 4007 918 4099 passioni
958 4007 1157 4080 Dominicae
1191 4010 1253 4081 ad·

204 4131 385 4216 equatur:
414 4122 475 4193 ubi
501 4121 634 4193 Paulus
658 4121 807 4192 Joannis
832 4125 933 4193 exitu
958 4134 1164 4198 coronatur:
1190 4127 1252 4198 ubi

204 4237 385 4331 apostolus
417 4238 573 4309 Joarmes
602 4246 862 4332 posteaquam
891 4241 929 4309 in
960 4239 1079 4312 oleum
1109 4243 1253 4338 igneum

206 4353 387 4425 demersus
421 4353 509 4424 nihil
543 4376 664 4447 passus
698 4363 763 4438 est,
798 4355 835 4426 in
868 4354 1019 4428 insulam
1053 4357 1254 4455 relegatum
