3316 5198
333 695 383 784 Q.
412 693 715 776 SEPTIMII
751 693 1123 778 FLORENTIS

457 927 988 1026 TERTULLIANI

539 1169 608 1241 DE
635 1169 913 1243 ORATIONE.

591 1391 861 1430 -ψ-

201 1561 336 1716 DEI
363 1566 515 1659 spiritus,
542 1575 580 1636 et
604 1565 673 1637 Dei
702 1589 826 1650 sermo,
850 1575 888 1636 et
912 1565 982 1637 Dei
1008 1569 1107 1650 ratio,
1134 1591 1249 1638 sermo
1281 1583 1358 1635 cor.
1371 1585 1391 1634 1.

170 1703 187 1764 5
309 1683 463 1764 rationis,
481 1691 520 1753 et
543 1684 632 1753 ratio
658 1683 837 1765 sermonis,
859 1683 916 1778 [et
932 1681 1093 1776 spiritus]
1113 1692 1251 1754 utrum·

199 1823 269 1892 que
285 1799 392 1870 Jesus
418 1797 581 1870 Christus
599 1796 776 1869 Dominus
799 1807 928 1882 noster,
946 1798 1048 1868 nobis
1071 1799 1250 1892 discipulis

200 1915 298 1985 Novi
315 1914 534 1986 Testamenti
556 1936 684 1984 novom
713 1915 880 1985 orationis
907 1915 1058 1984 formem
1084 1916 1251 1986 determi-

198 2033 307 2101 navit.
360 2029 560 2124 Oportebat
577 2033 673 2102 enim
690 2031 727 2101 in
744 2031 811 2102 hae
835 2053 976 2124 quoque
993 2031 1110 2124 specie
1126 2054 1249 2102 nevum

199 2148 316 2218 vinum
351 2147 448 2218 eoois
482 2145 616 2218 tetriore
654 2146 806 2231 recondi,
840 2157 872 2219 et
913 2170 1035 2220 novam
1071 2145 1249 2244 ploqnlom

156 2294 189 2334 ιο
199 2287 286 2336 noro
315 2263 418 2335 adsui
446 2263 641 2336 vestimento
669 2263 822 2355 (Metth.
852 2287 882 2336 o.
906 2266 951 2334 vi.
975 2274 1013 2336 et
1038 2289 1069 2336 e.
1095 2261 1248 2357 ix.16.).

199 2381 369 2452 Ceterum
395 2380 566 2472 quidquid
592 2390 687 2451 retro
711 2381 837 2464 fuerat,
855 2388 919 2451 aut
935 2383 1160 2452 demutatum
1183 2390 1248 2463 est,

199 2506 241 2568 ut
257 2498 501 2580 oiroumeisio;
525 2506 589 2568 aut
614 2496 828 2590 suppletum,
854 2507 895 2568 ut
920 2497 1055 2591 reliqua
1079 2498 1160 2583 lex3
1186 2506 1249 2569 out

199 2614 396 2708 impletum,
431 2622 473 2684 ut
505 2613 714 2707 prophetia3
748 2622 811 2684 eut
844 2613 1052 2706 perfeetum,
1086 2624 1128 2685 ut
1161 2615 1249 2686 fides

200 2732 284 2823 ipse
335 2729 467 2802 Omnia
494 2732 539 2800 de
566 2729 764 2801 carnalibus
791 2731 828 2800 in
862 2730 1033 2824 spiritalia
1066 2735 1248 2804 renovavit

156 2871 291 2936 15nova
321 2845 390 2917 Dei
419 2847 534 2939 gretia
563 2847 777 2940 superducto
804 2845 1000 2941 Evangelio
1028 2860 1247 2942 expunctore

199 2964 310 3034 totius
326 2971 421 3034 retro
439 2964 648 3046 vetustatis;
665 2965 703 3033 in
720 2987 790 3057 quo
808 2971 845 3035 et
864 2962 933 3034 Dei
951 2965 1104 3057 spiritus,
1122 2975 1160 3036 et
1178 2964 1247 3036 Dei

199 3103 325 3162 sermo,
343 3087 380 3150 et
398 3077 467 3150 Dei
493 3081 584 3151 ratio
609 3080 823 3173 approbatus
848 3087 904 3150 est
928 3079 1103 3149 Dominus
1128 3088 1249 3150 noster

198 3196 305 3268 Jesus
322 3195 494 3278 Christus,
512 3197 654 3289 spiritus
672 3219 742 3289 quo
756 3194 877 3276 voluit,
895 3216 1011 3264 sermo
1028 3217 1099 3286 quo
1116 3195 1248 3278 doouit,

198 3311 289 3381 ratio
316 3333 386 3403 que
412 3311 511 3381 venit
541 3308 634 3406 (sor.
664 3311 799 3402 sensit).
851 3307 912 3378 Sio
938 3308 1048 3401 igitur
1081 3309 1193 3380 oratio
1227 3333 1249 3380 e

154 3461 191 3498 20
200 3421 342 3495 Christo
359 3426 555 3496 constitute
579 3447 625 3496 ex
646 3425 760 3496 tribus
782 3424 978 3494 constituto
1002 3432 1079 3494 est:
1106 3445 1152 3494 ex
1178 3447 1248 3495 ser-

198 3563 314 3624 mone,
331 3564 403 3633 quo
429 3542 656 3613 enuncietur:
683 3563 729 3610 ex
755 3540 889 3632 spiritu,
908 3563 978 3632 quo
1003 3547 1144 3610 tantum
1169 3548 1249 3633 pot-

199 3664 274 3727 est:
301 3680 345 3728 ex
377 3660 523 3740 ratione,
553 3680 623 3749 quo
652 3657 850 3749 suscipitur.
903 3654 1084 3727 Doeuerot
1118 3665 1156 3726 et
1185 3655 1248 3726 Jo-

199 3770 333 3844 hannes
358 3771 549 3866 discipulos
574 3793 656 3842 suos
680 3772 835 3854 odorare,
853 3772 915 3842 sed
939 3773 1059 3842 omnio
1074 3771 1247 3842 Johannis

199 3886 341 3959 Christo
384 3889 692 3982 praestruebantur,
731 3889 843 3958 donee
885 3888 962 3980 ipso
1004 3895 1119 3969 sueto,
1155 3887 1247 3956 siout

154 4037 188 4095 25
199 4004 295 4073 idem
321 4002 504 4076 Johannes
522 4004 585 4094 (iii.
603 4007 678 4088 30.)
704 4002 977 4097 praenuneiebet,
1003 3999 1100 4072 illum
1127 4003 1248 4100 auqeri

199 4129 363 4213 oportere,
393 4144 429 4192 se
457 4144 537 4193 vero
564 4119 872 4204 dominatorum
901 4119 1124 4210 praeministri
1159 4142 1247 4212 opus

199 4258 281 4306 cum
311 4238 388 4330 ipso
418 4237 543 4330 spiritu
566 4237 731 4308 transiret
755 4237 801 4307 ad
819 4233 1025 4304 Dominum.
1077 4235 1165 4306 Ideo
1181 4260 1247 4308 neo

199 4359 327 4436 exstat,
345 4354 382 4424 in
399 4377 476 4446 quae
490 4353 597 4424 verbo
614 4353 775 4424 docuerit
786 4351 811 4422 J
812 4351 969 4422 ohannes
985 4352 1140 4433 adorare,
1153 4351 1248 4443 quod
