3310 5224
400 489 597 554 CONTRA
621 489 856 555 HAERESIM
881 489 1044 555 NOETI.
1206 493 1250 562 59

200 660 396 764 εὐλογητὸς
413 669 461 748 εἰς
478 660 561 746 τοὺς
578 667 718 746 αἰῶνας·
743 668 865 746 καλῶς
884 667 1054 764 διηγεῖται
1071 665 1130 742 καὶ
1148 673 1245 763 λαμ-

199 796 301 892 πρῶς
328 786 370 869 τὸ
397 793 461 888 τῆς
494 790 663 889 ἀληθείας
694 787 905 892 μυστήριον.
942 789 1045 873 οὗτος
1073 787 1165 869 δῶν
1192 793 1250 870 ε’πὶ

200 915 356 1014 πάντων,
388 915 481 1001 Θεός
505 919 616 1014 ε’στιν,
644 915 742 1020 λε’γει
768 915 842 1020 γὰρ
870 920 963 998 οὕτω
989 917 1079 1016 μετὰ
1107 921 1246 1023 παρῤη·

201 1045 294 1141 σίας,
315 1041 443 1124 Πάντα
459 1078 522 1143 μοι
538 1042 776 1145 παραδέδοται
799 1041 868 1124 ὑπὸ
886 1053 949 1124 τοῦ
970 1042 1125 1148 Πατρός.
1155 1048 1175 1125 ὁ
1201 1044 1251 1125 ὢν

175 1172 260 1264 5ἐπὶ
283 1169 440 1268 πάντων,
462 1168 556 1254 Θεὸς
579 1167 775 1271 εὐλογητὸς
804 1170 1000 1273 γεγέιηται,
1024 1174 1082 1251 καὶ
1108 1172 1249 1276 ἅνθρω-

201 1330 270 1380 πος
296 1295 496 1398 γενόμενος,
525 1293 619 1381 Θεός
646 1298 747 1376 ἐστιν
774 1303 824 1382 εἰς
851 1295 935 1382 τοὺς
965 1304 1106 1383 αἰῶνας.
1140 1295 1252 1380 οὕτως

203 1419 274 1524 γάρ
292 1425 351 1502 καὶ
368 1421 535 1523 Ἰωάννης
554 1419 662 1503 εἶπεν·
701 1423 750 1503 Ὁ
770 1420 822 1502 ὧν
839 1427 897 1503 καὶ
917 1426 937 1503 ὁ
955 1420 1011 1523 ἦν,
1030 1427 1088 1504 καὶ
1108 1421 1249 1528 δέρχά-

202 1583 307 1648 μενος
326 1551 345 1628 ὁ
364 1549 458 1634 θεὸς
476 1553 496 1630 ὁ
514 1548 785 1655 παντοκράτωρ.
846 1557 981 1635 Καλῶς
999 1549 1095 1631 εἶπεν
1112 1585 1248 1631 παντο-

204 1675 361 1783 κράτορα
381 1679 558 1785 Χριστόν.
618 1686 737 1760 Tosne
761 1677 834 1782 γὰρ
853 1676 949 1760 εἶπεν
974 1679 1063 1783 ὅπερ
1081 1682 1139 1759 καὶ
1158 1681 1254 1787 αὐτῷ

161 1806 278 1905 10(f0r.
298 1804 419 1914 αὐτὸς)
438 1804 661 1910 μαρτυρήσει
686 1809 706 1886 ὁ
731 1805 905 1909 Χριστός.
958 1812 1164 1911 Μαρινρῶν
1182 1805 1254 1911 γὰρ

204 1930 368 2037 Χριστὸς
382 1933 466 2040 ἔφη·
477 1931 627 2014 ςΠάντα
644 1967 706 2033 μοι
722 1934 961 2037 παραδίδοται
979 1933 1079 2038 παρὰ
1096 1941 1161 2013 τοῦ
1175 1940 1254 2014 Hae

156 2075 159 2082 '
205 2058 302 2163 τρός·
332 2063 391 2141 καὶ
408 2058 554 2139 πάντων
575 2061 647 2158 (for.
663 2063 723 2140 καὶ
734 2066 763 2139 εἶ
776 2068 837 2166 π.)
854 2067 983 2163 κρατεῖ,
997 2058 1256 2164 παντοκράτωρ

205 2185 305 2292 παρὰ
322 2185 467 2289 Πατρδς
481 2184 686 2286 κατεστάθη
700 2185 874 2290 Χριστός.
908 2186 1011 2287 Ἤδη
1026 2186 1134 2268 δὲκαὶ
1147 2190 1253 2267 Παῦ-

206 2325 272 2399 λος
290 2311 436 2413 δεικνδς,
454 2312 510 2393 ὅτι
527 2311 647 2394 πάντα
664 2315 761 2420 αὐτῷ
778 2312 1027 2416 παραδέδοται,
1042 2311 1154 2398 οὕτως
1171 2313 1254 2419 ἔφη·

162 2487 196 2547 ¹5
207 2439 352 2547 ἀπαρχὴ
370 2438 544 2544 Χριστὸς,
563 2441 684 2522 ἔπειτα
702 2445 735 2520 οἱ
760 2447 825 2519 τοῦ
848 2446 1015 2544 Χριστοῦ
1033 2444 1070 2520 ἐν
1093 2447 1255 2545 τῇπαρ-

207 2571 314 2678 ουσία
337 2572 456 2668 αὑτοῦ,
480 2566 557 2649 εἶτα
580 2567 621 2648 τὸ
647 2569 765 2666 τέλος,
784 2567 871 2648 ὅταν
889 2571 1074 2676 παραδιδῷ
1092 2568 1158 2668 τὴν
1182 2578 1254 2665 βα·

207 2700 349 2780 σιλείαν
367 2704 419 2806 τῷ
438 2702 523 2805 Θεῷ
546 2700 605 2776 καὶ
630 2697 761 2799 Πατρί·
798 2694 885 2775 ὅταν
903 2693 1115 2802 καταργήσῃ
1132 2703 1259 2778 πᾶσαν

207 2822 322 2930 ἀρχὴν
341 2829 399 2904 καὶ
416 2830 542 2904 πᾶσαν
560 2822 729 2930 ἐξουσίαν
748 2825 807 2900 καὶ
822 2820 981 2920 δύναμιν.
1015 2829 1085 2902 Δεῖ
1099 2822 1172 2926 γὰρ
1191 2824 1256 2901 αὐ-

207 2950 270 3031 τὸν
287 2952 497 3046 βασιλεύειν
516 2951 621 3057 ἄχρις
640 2951 682 3030 οὗ
700 2956 747 3054 θῇ
765 2946 905 3033 πάντας
921 2947 1004 3033 τοὺς
1021 2950 1167 3054 ἐχθροὺς
1190 2948 1260 3031 ὑπὸ

209 3195 476 3257 θίοιαιίαιαοαίαε
493 3197 615 3277 pulchre
629 3215 714 3254 enar.
756 3195 903 3254 Tribuens
936 3195 1013 3254 enim
1049 3195 1260 3263 testimonium,

208 3288 255 3336 rat
265 3287 296 3335 et
309 3276 437 3337 dilucide
451 3280 622 3357 mysterium
637 3276 713 3335 veri·
756 3275 890 3341 comnia.
919 3275 1026 3352 inquit,
1054 3275 1124 3333 mihi
1150 3276 1260 3335 tradita

209 3358 290 3416 tatis.
313 3357 373 3417 Hic
387 3359 437 3435 qui
449 3369 492 3417 est
504 3377 591 3436 super
606 3357 714 3427 omnia,
756 3363 852 3414 sunta
864 3357 972 3414 Patre:
985 3366 1015 3414 et
1024 3355 1154 3414 omnium
1166 3354 1260 3414 domi·

211 3436 294 3496 Deus
306 3449 370 3509 est3
392 3439 433 3497 sic
443 3439 520 3496 enim
535 3437 625 3496 audet
637 3437 714 3496 dice·
756 3447 856 3495 natum
873 3446 955 3495 tenet
960 3459 970 3507 ;
985 3437 1194 3516 omnipotensa
1206 3436 1263 3494 Pa.

210 3537 252 3586 re,
276 3518 403 3577 ¹'Omnia
424 3519 493 3576 mihi
518 3518 629 3577 tradita
651 3525 717 3575 sunt
758 3529 804 3577 tre
831 3517 1009 3576 constitutus
1041 3528 1085 3576 est
1117 3517 1262 3576 Christus.

210 3619 229 3655 α
245 3599 361 3664 Patre;
384 3599 436 3676 qui
457 3609 500 3658 est
519 3617 608 3678 super
620 3597 719 3656 omnia
760 3599 824 3655 Imo
838 3606 868 3656 et
884 3597 996 3656 Paulus
1008 3597 1113 3656 docens
1124 3599 1221 3657 omnia
1235 3598 1263 3657 ei

211 3676 294 3737 Deus
317 3679 500 3746 benedictus,
521 3680 642 3757 genitus
663 3688 717 3747 est,
759 3678 827 3736 data
844 3697 917 3748 esse,
933 3679 974 3736 sie
988 3678 1080 3737 dixit:
1101 3675 1263 3736 dPrimitiae

211 3767 241 3816 et
250 3759 346 3818 fuctus
357 3759 452 3828 homo,
465 3758 549 3819 Deus
563 3769 608 3818 est
624 3759 655 3816 in
666 3779 720 3816 sae-
763 3758 1021 3828 Christusdeinde,
1028 3759 1076 3838 qui
1082 3758 1264 3817 ςααιθίιτίςιὶ

211 3838 284 3897 cula.
332 3840 382 3899 Sic
407 3841 484 3898 enim
506 3840 637 3898 Jo'annes
658 3839 717 3897 ait:
760 3838 1264 3918 inadventuejus:p0steafinis,cum

210 3913 293 3985 λέξας’
308 3929 359 3988 αα,
371 3928 397 3978 et
412 3921 542 4000 quierat,
556 3929 581 3978 e!
593 3918 642 4000 qui
653 3940 719 3978 veu-
760 3919 913 3977 tradiderit
924 3939 1041 3994 reynum
1049 3917 1112 3977 Deo
1122 3927 1147 3976 el
1158 3917 1244 3976 Patri
1249 3939 1263 3983 ,-

211 4001 624 4080 ιααιςιςι,1)αιιοιαηὶρο1αας.
643 4000 718 4059 Rec-
760 4021 823 4059 cum
842 3998 1022 4058 evacuaverit
1036 4019 1140 4056 omnem
1153 3997 1264 4076 princi·

210 4089 242 4137 te
256 4081 370 4139 vocavit
387 4082 599 4159 omnipotentem
617 4078 718 4138 Chris.
756 4087 867 4158 patum,
886 4087 912 4136 el
931 4097 1039 4135 omnem
1052 4085 1219 4156 potestatem
1240 4087 1265 4136 et

211 4169 292 4218 tum:
329 4160 385 4219 hoc
418 4162 496 4220 enim
524 4159 610 4230 dixit,
639 4160 718 4238 quod
760 4159 901 4217 virtutem.
943 4158 1061 4236 Oportet
1081 4157 1154 4217 enim
1174 4159 1267 4237 ipsum

211 4238 329 4315 quidem
373 4241 510 4302 Christus
551 4240 717 4299 testabitur.
761 4259 891 4314 regnare,
904 4238 1088 4317 donecponal
1102 4259 1196 4297 omnes
1211 4239 1265 4297 im·-

211 4433 426 4496 ⁸M⁸tth.xi.17.
476 4431 736 4496 bApocffi.8.ii.17.
782 4431 999 4494 cMatth.xi.17.
1052 4431 1267 4490 dtcomma.

718 4531 769 4578 12
