3316 5198
732 477 1126 543 TERTULLIANUS.

441 1020 457 1054 ⁸
472 1009 518 1067 De
532 1004 655 1065 Victore
676 1023 700 1062 c.
716 1020 765 1077 34.
780 1001 817 1061 de
838 999 1000 1082 Apollonio
1020 1010 1152 1061 senatore
1172 1000 1260 1059 Rom.
1276 1019 1301 1058 o.
1316 1017 1367 1074 42.
1390 998 1451 1057 Fa.

401 1123 542 1165 umcros.

441 1201 455 1240 δ
471 1200 618 1260 Eusebius
633 1199 742 1258 Chron.
764 1197 844 1257 Vide
859 1197 935 1256 infra
948 1207 1033 1255 notas
1048 1195 1090 1254 H.
1106 1195 1214 1254 Gravii.
1257 1193 1369 1254 Africa
1383 1215 1451 1274 pro.

400 1298 558 1359 consularis
572 1297 728 1376 provinciae
742 1305 840 1374 caput,
855 1305 889 1353 ut
903 1294 1087 1352 notissimum
1102 1304 1155 1360 est,
1172 1292 1319 1370 Carthago
1330 1292 1451 1352 Tertul.

399 1396 469 1456 lieni
484 1396 586 1474 patria,
602 1393 653 1452 ubi
668 1413 771 1472 parens
784 1392 846 1470 ejus
859 1402 895 1450 ιιι
905 1390 1038 1451 centurio
1051 1390 1106 1450 sub
1119 1390 1291 1470 proconsule
1306 1391 1452 1470 stipendia

401 1493 517 1552 meruit.
540 1491 641 1550 Faus.

440 1600 454 1633 ⁰
469 1590 580 1648 Praeter
594 1589 701 1667 scripta
710 1587 894 1652 Tertulliani,
904 1607 969 1664 quae
984 1597 1096 1654 extant,
1107 1585 1191 1645 fuere
1205 1585 1279 1645 liber
1293 1587 1329 1644 de
1343 1585 1451 1644 Animo

402 1687 602 1752 Submissione,
617 1685 692 1744 alius
713 1686 748 1744 de
772 1684 980 1764 Superstitione
1000 1683 1104 1742 Saeculi
1124 1694 1155 1742 et
1168 1682 1244 1742 alius
1262 1684 1298 1742 de
1314 1683 1411 1744 Carne
1424 1693 1450 1742 et

401 1784 516 1850 Animo,
532 1804 656 1862 quorum
675 1779 778 1842 titulos
800 1783 830 1840 in
855 1781 1057 1860 antiquissimo
1079 1780 1177 1839 codice
1193 1779 1382 1858 Agobardino
1397 1781 1450 1840 Hi.

400 1883 508 1961 galtius
534 1881 665 1961 reperit:
698 1891 761 1940 tum
784 1879 858 1938 liber
882 1881 917 1938 de
946 1879 1005 1958 Spe
1030 1878 1180 1944 Fideliurn,
1206 1879 1290 1955 cujus
1318 1879 1450 1939 meminit

402 1981 610 2059 Hieronymus,
632 1999 728 2058 supra,
744 1999 768 2037 c.
787 1979 831 2036 18.
846 1988 876 2036 et
897 1979 933 2036 de
954 1979 986 2036 S.
1006 1975 1151 2036 Trinilote
1173 1976 1255 2055 Opus
1278 1976 1363 2053 cujus
1387 1978 1450 2056 epi·

401 2089 499 2135 tomen
511 2097 573 2135 esse
582 2075 743 2135 Novatiaui
754 2075 861 2135 librum
870 2075 1000 2153 ejusdem
1015 2073 1178 2153 argumenti
1187 2073 1310 2132 affirmat
1324 2095 1349 2133 o.
1363 2091 1409 2150 70.
1420 2086 1451 2134 et

399 2172 466 2232 libri
481 2173 556 2233 VII.
571 2175 606 2233 de
620 2174 747 2240 Bostari,
763 2173 800 2232 de
820 2174 927 2251 quibus
948 2172 1079 2242 inferius,
1096 2172 1152 2230 hoc
1172 2172 1236 2251 ipso
1255 2171 1360 2252 capite.
1405 2171 1451 2231 De

405 2269 535 2328 Vestibus
550 2270 684 2340 floronis,
699 2290 754 2328 uec
775 2290 833 2327 non
855 2270 890 2328 de
905 2268 1085 2327 Animalibus
1105 2269 1219 2328 ruzindis
1240 2278 1266 2328 et
1288 2269 1449 2336 immundis,

400 2365 481 2426 etde
497 2365 727 2433 Circumcisione,
743 2366 794 2424 sed
808 2377 838 2425 et
852 2369 888 2425 de
907 2365 1089 2444 Virginitule,
1104 2386 1228 2443 quorum
1243 2366 1450 2446 opusculorum

399 2461 487 2520 variis
503 2462 701 2541 Epistularum
718 2483 835 2521 suarum
851 2463 922 2521 locis
935 2463 1069 2521 meminit
1083 2463 1160 2520 idem
1177 2463 1385 2544 Hieronymus.
1408 2463 1451 2522 Et

400 2567 500 2618 contro
516 2561 719 2639 Apellicionos,
734 2561 909 2620 Vincentius
924 2561 1023 2618 Lerin.
1038 2579 1062 2620 c.
1080 2577 1127 2634 24.
1144 2561 1376 2620 commonitorii.
1408 2561 1450 2620 Et

399 2655 435 2715 de
450 2657 597 2718 Paradiso
607 2657 735 2719 Tertull.
749 2678 774 2717 c.
787 2675 835 2734 55.
845 2658 882 2717 de
892 2658 1018 2716 Anima:
1036 2658 1139 2716 Habes
1152 2658 1237 2716 etium
1252 2659 1288 2717 cle
1303 2659 1451 2718 Paradiso

399 2775 419 2812 o
433 2753 513 2813 nodis
527 2755 660 2824 libellum,
675 2777 729 2836 quo
750 2755 945 2816 constituimus
963 2776 1070 2814 omnmo
1091 2756 1217 2814 animam
1237 2756 1318 2835 opud
1338 2755 1450 2835 irfiror

400 2852 576 2931 sequestrari
590 2852 620 2911 in
635 2853 708 2912 diem
723 2853 850 2912 Domini.
874 2853 1010 2931 Denique
1024 2863 1058 2911 ut
1072 2853 1149 2912 idom
1164 2853 1227 2932 ipse
1241 2853 1336 2920 testis,
1348 2854 1451 2914 Graece

399 2949 548 3028 opuscula,
564 2949 600 3008 de
615 2951 803 3029 Spectaculis,
819 2951 855 3008 de
869 2949 1029 3029 Baptismo,
1042 2951 1078 3009 de
1089 2951 1219 3011 velandis
1234 2950 1410 3030 Virginibus,
1419 2963 1450 3011 et

400 3048 436 3106 de
454 3047 565 3107 Corona
582 3047 699 3107 Militis.
722 3048 822 3107 Fusa.

440 3141 455 3187 d
471 3145 539 3204 MS.
555 3145 705 3205 Gemblac.
725 3145 896 3216 Concordia,
911 3145 1015 3224 oppido
1030 3145 1135 3204 Italic.
1165 3145 1214 3203 Ad
1229 3146 1307 3205 hunc
1324 3145 1449 3207 Paulum

399 3241 643 3301 concordiensem
659 3241 795 3322 Epistola
810 3243 985 3321 Hieronymi
1001 3243 1061 3300 xxi.
1076 3244 1130 3302 &c
1153 3244 1255 3302 Faus.

441 3338 567 3398 eVetus
588 3359 693 3420 nempe
715 3340 792 3399 inter
816 3339 983 3418 Aquileiam
1005 3350 1036 3399 et
1050 3339 1198 3411 Altinum,
1219 3361 1288 3408 non,
1307 3353 1341 3402 ut
1362 3342 1451 3423 vulgo

399 3436 593 3505 existimatur,
605 3437 784 3497 Miranduloe
794 3437 922 3496 vicinum
937 3438 1089 3516 oppidum.
1112 3438 1141 3496 V
1143 3439 1182 3498 id.
1194 3437 1291 3518 Epist.
1305 3441 1337 3497 in
1351 3451 1451 3500 nostra

399 3533 566 3593 recensione
581 3533 620 3592 X.
636 3533 855 3604 Vauunnsrue,
871 3535 931 3614 Op.
947 3535 978 3593 S.
995 3535 1170 3615 Hieronymi
1184 3537 1280 3595 editor
1295 3557 1435 3616 nuperus.

439 3627 578 3690 sutirum
600 3651 638 3691 ne
660 3631 749 3691 semel
774 3631 892 3710 quidem
914 3631 1129 3692 Tertullianum
1151 3634 1234 3693 citari
1257 3635 1287 3692 iu
1310 3633 1449 3715 Cypriani

398 3728 593 3806 scriptisque
614 3740 727 3800 extant,
742 3730 811 3789 licet
827 3729 1026 3809 Hieronymus
1041 3729 1176 3809 Epistola
1191 3731 1242 3808 65.
1256 3731 1343 3789 etiam
1359 3742 1450 3792 teste.

398 3837 448 3884 tur
469 3825 610 3904 Cypriani
631 3827 746 3906 scriptis
767 3828 892 3906 probari,
914 3827 992 3904 quod
1013 3825 1198 3886 Tertulliano
1218 3827 1358 3906 magistro
1379 3848 1449 3888 usus

398 3921 500 3981 luerit.
544 3923 603 3982 l'ro
617 3923 656 3983 do
671 3924 850 4004 magistrum,
866 3924 957 3984 codex
978 3924 1095 3984 Gembl.
1108 3936 1223 3984 tantum
1239 3925 1326 3984 babet
1340 3926 1447 4006 magis-

398 4027 484 4087 trum,
510 4019 588 4098 quod
613 4021 744 4081 Suffrido
769 4022 850 4081 Petri
875 4021 993 4080 videtur
1018 4025 1235 4096 ἐμφατιιώτερον,
1259 4043 1314 4101 ego
1337 4022 1448 4083 librarii

399 4116 550 4175 oscitantis
577 4118 733 4178 omissione
756 4118 889 4178 voculam
918 4119 956 4177 da
985 4119 1084 4178 abesse
1109 4140 1167 4178 non
1195 4119 1309 4180 dubito.
1348 4121 1447 4180 Faus.

399 4209 535 4270 Fortasse
556 4213 640 4290 cujus
660 4213 858 4275 delectabatur
876 4215 1008 4294 ingenio,
1024 4216 1148 4275 nominis
1169 4215 1314 4276 declinare
1332 4217 1449 4278 studuit

399 4307 547 4367 invidiam.
568 4310 733 4370 Vauuaus.

440 4412 453 4451 ⁸
468 4405 552 4465 Circa
566 4427 673 4465 annum
688 4409 799 4467 Christi
817 4425 883 4484 205.
898 4421 984 4468 natus
1002 4427 1093 4468 arrnos
1114 4409 1181 4488 plus
1195 4410 1292 4470 minus
1307 4411 1346 4469 xl.
1390 4412 1448 4470 Per
