3326 5200
397 451 460 518 162
706 447 954 514 ADVERSUS
978 445 1140 511 OMNES

396 629 463 699 nisi
492 628 530 698 in
556 625 700 697 nomine
724 647 789 695 suo
811 623 1010 715 baptizatus
1032 620 1166 691 firisset.
1218 615 1370 687 Secutus
1387 621 1442 684 est

396 743 569 837 posthaec
585 749 624 812 et
641 739 862 821 Saturninus,
880 745 919 810 et
934 737 993 806 bio
1011 734 1172 806 similiter
1189 734 1310 804 dicens
1327 733 1443 801 innas-

397 858 539 929 cibilem
565 858 744 940 viantem,
768 855 805 926 id
835 863 889 926 est
917 852 1046 934 Deum,
1073 852 1111 922 in
1140 850 1287 921 summis
1313 856 1351 918 et
1373 845 1445 917 illis

397 975 542 1046 infinitis
566 971 735 1066 partibus,
759 972 858 1042 etin
884 969 1121 1062 superioribus
1146 987 1312 1050 manore3
1337 963 1444 1058 longe

397 1097 518 1162 autem
536 1089 706 1159 distantes
731 1087 777 1159 ab
801 1087 870 1158 hoc
894 1085 1039 1181 angelos
1064 1084 1247 1155 inferiores
1268 1080 1472 1152 mundum&

398 1206 542 1289 fecisse;
568 1213 606 1275 et
631 1205 714 1297 quia
738 1201 903 1297 splendor
926 1200 1070 1294 quidam
1093 1199 1237 1270 luminis
1260 1199 1443 1268 desursum

398 1324 434 1392 in
467 1321 689 1392 inferioribus
722 1319 926 1402 refulsisset,
960 1319 1005 1389 ad
1040 1315 1307 1387 similitudinem
1349 1310 1446 1382 illins

398 1438 541 1509 luminis
566 1437 711 1532 angelos
735 1434 829 1533 (sor.
855 1432 984 1506 dolend.
1014 1435 1109 1527 ang.)
1138 1431 1320 1502 bominem
1345 1427 1447 1500 insti·

398 1563 501 1626 tuere
523 1552 667 1647 mgelos
690 1575 849 1626 curasse:
884 1551 980 1621 hunc
1009 1556 1272 1642 superterram
1291 1545 1444 1638 jacuisse

398 1679 619 1764 reptantem:
645 1670 745 1762 cujas
762 1665 855 1764 (fora
877 1669 949 1762 cui)
967 1666 1090 1737 lumen
1105 1663 1204 1747 illud,
1221 1671 1260 1734 et
1275 1663 1445 1734 virtutem
1457 1685 1495 1728 10

398 1787 497 1858 illam
527 1787 742 1880 superiorem
769 1793 914 1879 propter
940 1782 1225 1863 misericordiam,
1255 1777 1445 1852 scintillam

399 1901 493 1998 (sor.
521 1899 667 1974 addend.
694 1903 777 1972 vitae
802 1901 1007 1982 immisisse,
1031 1897 1123 1970 hano
1148 1895 1339 1968 scintillam
1367 1894 1445 1968 Vid.

398 2021 528 2111 aotam)
547 2017 680 2089 salvam
698 2039 784 2101 esse,
803 2024 922 2088 cetera
937 2014 1093 2086 hominis
1107 2015 1232 2108 perire.
1263 2014 1446 2085 Christum

399 2138 435 2206 in
465 2135 664 2206 substant-ia
692 2135 846 2227 corporis
879 2155 950 2204 non
984 2131 1102 2214 fuisse,
1133 2139 1170 2201 et
1200 2129 1446 2223 phantasmate

399 2259 540 2322 tantum
569 2251 668 2343 quasi
695 2271 837 2342 passum
865 2248 995 2319 fuisse:
1019 2247 1310 2318 resurrectionem
1333 2248 1447 2318 earnis
1460 2263 1496 2324 ¹5

399 2365 498 2437 nullo
515 2367 622 2437 modo
640 2366 798 2436 futuram
814 2387 901 2436 esse.
928 2363 1059 2434 Postea
1072 2362 1245 2434 Basilides
1261 2362 1448 2434 hereticus

401 2484 545 2576 erupit3
587 2482 646 2554 bic
688 2504 765 2553 esse
808 2483 895 2552 dicit
936 2502 1116 2551 summum
1151 2478 1270 2550 Deum
1303 2480 1448 2550 nomine

400 2596 583 2681 Abraxan,
601 2621 647 2670 ex
664 2620 735 2690 quo
751 2604 910 2668 mentem
927 2605 1093 2680 creatam,
1111 2618 1218 2688 quam
1236 2595 1359 2666 Graece
1377 2597 1448 2666 νοῦν

400 2714 575 2808 appellat3
609 2715 693 2786 inde
722 2715 890 2797 verbum
924 2736 971 2784 ex
1005 2712 1066 2783 illo
1100 2712 1367 2804 prouidentiam,
1401 2733 1448 2782 ex

400 2831 621 2924 providentia
650 2831 829 2913 nantem,
860 2837 898 2900 et
927 2830 1158 2924 sapientiam:
1184 2851 1230 2899 ex
1257 2829 1342 2921 ipsis
1365 2826 1500 2898 indere

400 2949 682 3041 principatuset
702 2953 907 3040 potestates,
931 2954 969 3017 et
994 2945 1137 3040 angelos
1162 2945 1295 3028 fsetcs3
1321 2944 1449 3016 deinde

401 3065 556 3136 infinitas
585 3063 791 3159 angelorum
822 3064 995 3134 editiones
1022 3071 1060 3135 et
1086 3061 1271 3156 probolas:
1300 3062 1448 3134 abistis

400 3179 535 3274 angelis
551 3186 731 3251 trecentos
755 3181 941 3274 sexaginta
960 3180 1116 3272 quinquo
1131 3179 1240 3250 coelos
1255 3180 1448 3261 institutos,

401 3296 629 3366 otmundum
645 3295 684 3365 in
700 3293 834 3368 honore
851 3294 1016 3381 Abraxae,
1034 3296 1134 3388 cujus
1150 3317 1282 3366 nomen
1297 3295 1394 3366 huno
1410 3295 1448 3366 in

401 3411 804 3483 sebabebatnumerum
817 3420 1074 3505 computatum.
1098 3410 1143 3482 In
1155 3410 1291 3481 ultimis
1304 3409 1447 3502 quidem
1459 3422 1496 3484 ²⁵

401 3526 545 3620 angelis,
563 3536 602 3598 et
625 3528 685 3620 qui
710 3527 806 3598 huno
831 3529 993 3599 iecerunt
1016 3528 1201 3609 mundum,
1218 3527 1448 3598 novissimum

401 3643 503 3735 ponit
519 3643 725 3714 Judoeornm
748 3642 879 3728 Deum,
899 3646 935 3716 id
961 3652 1025 3727 est,
1053 3641 1172 3714 Deum
1198 3642 1286 3737 legis
1311 3651 1349 3714 et
1369 3665 1449 3736 pro·

402 3759 610 3852 phetarum3
636 3783 742 3853 quem
772 3757 890 3830 Deum
918 3767 1035 3854 negat,
1063 3760 1125 3830 sed
1153 3759 1320 3853 angelum
1350 3759 1447 3829 dicit.

402 3871 501 3946 Huic
528 3877 654 3946 sortito
682 3876 850 3970 obtigisse
880 3898 1002 3947 semen
1031 3874 1195 3957 Abrahae,
1230 3883 1339 3967 atque
1367 3875 1448 3945 idco

402 3989 497 4062 buno
515 3993 559 4062 de
572 4000 666 4063 terra
678 3990 823 4084 AEgypti
835 3991 926 4064 filios
944 3990 1052 4063 Israel
1070 3993 1106 4062 in
1123 4000 1254 4062 terram
1268 3989 1502 4068 Ohonumao

402 4108 632 4178 transtulisse.
685 4107 794 4179 Hune
820 4109 1115 4179 turbulentiorem
1139 4131 1212 4201 prae
1238 4108 1365 4178 ceteris
1388 4128 1450 4176 an-

402 4221 500 4312 gelis,
527 4231 635 4314 atque
665 4225 746 4294 ideo
776 4233 814 4294 et
841 4225 1031 4296 seditiones
1060 4225 1264 4318 frequenter
1290 4233 1328 4294 et
1355 4221 1450 4293 bella

403 4333 496 4431 (sor.
513 4339 687 4410 seditione
703 4361 758 4410 res
776 4340 979 4431 frequenter
995 4350 1032 4412 et
1049 4341 1160 4435 bello)
1173 4349 1372 4421 concutere,
1386 4337 1449 4411 sed
