3310 5224
370 493 396 544 x
768 467 1019 543 LECTORI.

369 666 558 754 collocati
585 677 697 768 sunt,
716 680 765 752 nt
784 665 932 752 utilius
956 666 1220 780 legerentur;
1249 675 1418 749 tautum

370 839 475 925 quos
503 812 593 924 ipso
620 811 742 896 initio
769 811 897 896 habes
928 810 1160 924 scriptores,
1193 835 1263 894 eos
1292 808 1419 894 simul

365 956 605 1067 iungendos
654 956 808 1054 censui,
859 954 1147 1067 Polycarpum,
1197 954 1418 1052 Irenaeum,

371 1099 665 1211 Hippolytum,
684 1129 781 1185 cum
800 1097 1059 1213 Hippolytus
1081 1097 1309 1211 discipulus
1333 1098 1420 1181 Ire-

370 1246 451 1329 naei
470 1246 629 1344 fuisset,
648 1246 919 1358 Irenaeusque
939 1245 1227 1358 Polycarpum,
1241 1241 1270 1326 J
1272 1244 1419 1328 oannis

370 1391 546 1502 apostoli
566 1388 830 1503 discipulum,
847 1391 1086 1475 audivisset.

427 1534 666 1619 Dicendum
699 1563 813 1619 nunc
839 1535 894 1620 de
921 1535 1285 1633 Auuotationibus,
1315 1558 1419 1644 quas

371 1677 558 1788 adposui.
603 1678 686 1760 Hae
704 1679 748 1761 in
769 1690 910 1762 textus
929 1678 1221 1761 emendatione
1238 1677 1420 1760 maxime

372 1835 599 1908 versantur.
655 1819 842 1907 Concilio
871 1823 984 1907 enim
1016 1849 1112 1907 cum
1140 1834 1245 1920 octo,
1273 1821 1420 1932 Cypri-

371 1994 500 2050 annm
514 1993 611 2050 vero
625 1995 720 2050 curn
733 1979 892 2077 septem
907 1965 1118 2051 codicibus
1131 1965 1420 2076 MStiseoque

371 2109 477 2219 plus,
506 2107 692 2205 contuli;
734 2107 1046 2193 Tertullianum
1080 2137 1134 2193 ex
1164 2107 1420 2193 editionibus

373 2253 661 2338 vetustissimis
679 2253 849 2338 correxi.

428 2395 547 2496 Vale,
564 2397 728 2496 Lector,
745 2411 789 2482 et
807 2427 860 2482 ex
878 2397 1061 2482 utilitate
1079 2397 1232 2481 horum
1247 2423 1420 2507 operum

374 2543 535 2627 aestimo
567 2555 726 2627 veteres
761 2544 861 2626 istos
898 2542 1183 2627 ecclesiastice
1219 2541 1421 2624 doctrinae

374 2699 513 2772 testes.
583 2687 651 2773 Ne
688 2689 810 2772 citius
850 2686 1078 2799 prodirent,
1115 2686 1279 2770 obstitit
1315 2683 1421 2766 aliirs

375 2833 592 2944 cujusdam
629 2832 725 2917 telae
757 2845 935 2931 textura,
968 2860 1062 2943 quae
1095 2843 1285 2942 suscepta
1316 2828 1421 2912 mihi

375 3004 451 3086 pro
476 2977 651 3062 veritate
678 2979 873 3062 adversus
897 2989 1088 3062 exterum
1106 2976 1318 3087 quendam
1340 2974 1420 3058 cri·

376 3118 506 3204 ticum
542 3123 761 3233 pugnanti,
794 3133 1012 3234 propterea
1040 3118 1185 3205 relicta
1217 3132 1292 3220 est,
1322 3120 1423 3231 quia

375 3275 514 3376 partes
536 3265 789 3353 defensionis
813 3296 839 3351 a
860 3265 1052 3379 pluribus
1075 3275 1284 3377 occupatae
1308 3264 1424 3348 vide-

374 3409 540 3495 bantur.

433 3841 576 3926 HAEC
597 3842 698 3928 olim
720 3845 920 3957 praefatus
943 3873 1050 3928 sum.
1109 3842 1237 3927 Nunc
1261 3841 1424 3925 mendis

377 3984 572 4070 editionis
604 3989 752 4100 prioris
784 3990 915 4074 nimio
946 3986 1136 4101 pluribus
1174 3987 1423 4098 expurgatis,

378 4141 422 4213 et
446 4131 557 4214 notis
580 4131 694 4218 haud
717 4163 810 4218 raro
830 4133 897 4219 vel
921 4135 1096 4233 relectis,
1115 4130 1182 4217 vel
1205 4128 1423 4242 ampliatis,

378 4271 552 4359 alteram
572 4304 649 4388 ego
667 4279 906 4379 editionem,
926 4291 976 4363 ut
997 4307 1128 4391 spero,
1147 4277 1425 4372 emendatam,
