3310 5224
409 506 606 571 CONTRA
631 509 866 574 HAERESIM
893 511 1053 575 NOETI.
1211 514 1253 581 65

203 675 388 775 λάβωμεν.
430 677 497 780 Μὴ
516 682 590 760 κατ’
612 683 704 762 ἰδίαν
722 685 942 786 προαίρεσιν,
960 682 1050 784 μηδὲ
1068 688 1143 764 κατ’
1164 686 1252 767 ἴδιον

203 812 301 901 νοῦν,
333 803 423 904 μηδὲ
450 805 652 910 βιαζόμενοι
678 808 725 888 τὰ
753 807 823 889 ὑπὸ
850 819 914 890 τοῦ
943 817 1039 892 Θεοῦ
1067 814 1247 913 δεδομένα.

200 933 286 1010 ἀλλ’
303 929 345 1012 ὃν
354 931 488 1036 τρόπον
501 933 606 1020 αὐτὸς
618 937 800 1038 ἐβουλήθη
815 935 873 1018 διό
884 945 957 1018 τῶν
970 940 1083 1043 ἁγίων
1097 946 1252 1047 γραφῶν

200 1059 323 1165 δεῖξαι,
341 1057 454 1145 οὕτως
471 1061 610 1162 ἴδωμεν.

173 1211 189 1270 5
256 1185 291 1266 ι’.
330 1186 423 1272 θεὸς
452 1188 561 1289 μόνοι·
596 1190 767 1297 ὑπάρχων
794 1197 853 1272 καὶ
879 1193 990 1295 μηδὲν
1017 1195 1110 1300 ἔχων
1138 1199 1252 1306 ἑαυτῷ

198 1313 416 1419 σόγχρουον,
434 1317 616 1418 ἐβουλήθη
635 1315 775 1418 κόσμον
793 1322 926 1400 κτίσαι.
966 1323 1015 1402 Ὁ
1034 1322 1174 1422 κόσμον
1188 1327 1247 1405 ε’ν-
1336 1393 1341 1410 1

199 1446 346 1544 νοηθεὶς,
377 1443 537 1545 θελήσαι
569 1480 608 1525 τε
640 1450 698 1526 καὶ
731 1445 981 1553 φθεγξάμενοι
1012 1451 1189 1551 ἐποίησεν,
1219 1450 1249 1560 ᾧ

198 1571 398 1674 παραυτίκα
415 1573 580 1676 παρέστη
598 1572 641 1653 τὸ
663 1573 854 1676 γευόμενον
872 1578 921 1658 ὡς
938 1575 1129 1677 ἠθέλησεν.
1156 1581 1243 1658 αὐτ·

197 1697 301 1801 αρκές
328 1699 391 1778 οὖν
423 1700 509 1798 ἡμῖν
534 1702 634 1780 ε’στιν
660 1700 771 1799 μόνον
802 1703 927 1782 εἰδέναι
956 1704 1011 1784 ὅτι
1038 1707 1246 1813 σόγχρονον

155 1830 294 1906 meso&
308 1825 410 1906 οὐδὲν
426 1825 527 1926 πλὴν
548 1827 655 1911 αὐτὸς
678 1825 732 1929 ἦν,
750 1827 857 1914 αὐτὸς
875 1829 915 1910 δὲ
935 1829 1044 1931 μόνος
1062 1833 1113 1916 ὧν
1131 1833 1245 1920 πολὺς

196 1951 250 2053 ἧν,
284 1956 364 2033 οὔτε
392 1951 464 2058 γὰρ
492 1955 637 2057 ἄλογος,
668 1958 748 2034 οὔτε
771 1956 925 2064 ἄσοφοι,
953 1962 1033 2040 οὔτε
1061 1960 1244 2061 ἀδύνατοι,

196 2083 276 2161 οὔτε
298 2081 517 2177 ἀβούλευτος
539 2081 595 2183 ἦν,
613 2082 733 2164 πάντα
756 2082 793 2162 δὲ
816 2081 861 2184 ἧν
884 2086 922 2163 ἐν
946 2086 1054 2194 αὐτῷ,
1073 2087 1179 2174 αὐτὸς
1207 2089 1244 2170 δὲ

194 2209 308 2311 ἦντὸ
335 2217 420 2291 πᾶν.
459 2211 518 2291 ὅτε
548 2212 737 2312 ἠθέλησεν,
765 2209 882 2294 καθὼς
915 2211 1105 2314 ἠθέλησεν,
1133 2215 1243 2323 ἔδειξε

193 2338 257 2419 τὸν
282 2337 405 2441 Λόγον
429 2339 538 2418 αὑτοῦ
564 2345 698 2442 καιροῖς
722 2337 931 2442 ὡρισμένοις
958 2344 1041 2445 παρ’
1068 2344 1174 2452 αὐτῷ,
1198 2347 1240 2425 δι’

149 2465 235 2560 ι5οὗ
252 2465 300 2545 τὰ
316 2464 436 2546 πάντα
459 2466 638 2566 ἐποίησεν.
676 2463 769 2545 Ὅτε
793 2465 859 2564 μὲν
881 2467 988 2566 θέλει,
1006 2478 1108 2566 ποιεῖ,
1127 2471 1186 2550 ὅτε
1205 2470 1243 2552 δὲ

192 2596 403 2693 ἐνθυμεῖται,
437 2599 543 2690 τελεῖ,
576 2591 635 2672 ὅτε
672 2590 709 2672 δὲ
744 2592 951 2698 φθέγγεται,
987 2596 1143 2696 δεικνύει,
1182 2597 1241 2678 ότε

190 2718 365 2816 πλάσσει,
384 2717 581 2827 σοφίζεται.
610 2717 730 2800 πάντα
748 2717 820 2823 γὰρ
838 2718 885 2799 τὰ
907 2719 1081 2822 γενόμενα
1099 2723 1158 2805 διὰ
1176 2724 1241 2805 λό-

192 2880 258 2947 γου
281 2851 340 2926 καὶ
361 2848 497 2953 σοφίαι
519 2843 731 2950 τεχνάζεται,
751 2845 851 2954 λόγῳ
873 2845 940 2947 μὲν
962 2848 1099 2952 κτίζων,
1122 2852 1241 2959 σοφίᾳ

190 2975 229 3054 δὲ
251 2981 410 3072 κοσμῶν.
464 2975 659 3073 Ἐποίησεν
682 2974 744 3054 οὖν
766 2977 814 3057 ὡς
836 2975 1027 3074 ἠθέλησεν,
1051 2976 1143 3063 θεὸς
1168 2978 1240 3082 γὰρ

189 3227 341 3306 οἰρὶιιαιιιε.
374 3227 614 3287 Nonseeundum
627 3248 694 3307 pro-
735 3247 817 3295 eum;
847 3229 909 3308 ipse
930 3227 1009 3287 solus
1033 3225 1145 3287 multus
1165 3240 1237 3288 erat.

189 3307 283 3386 priam
313 3306 503 3375 voluntatem,
529 3328 624 3386 neque
648 3327 694 3367 ιε-
735 3309 802 3367 Nec
827 3309 906 3367 enim
935 3319 997 3368 erat
1025 3307 1088 3365 sine
1115 3309 1236 3376 ratione.

188 3386 317 3446 cundum
331 3389 483 3468 proprium
501 3408 628 3459 sensum,
642 3408 694 3447 ne-
735 3389 797 3448 nine
825 3389 976 3468 sapientia,
1005 3388 1067 3446 sine
1094 3389 1236 3467 potentie,

187 3487 246 3546 que
264 3469 324 3526 vim
343 3469 503 3529 inferentes
519 3469 550 3527 in
569 3489 613 3539 ea,
627 3489 693 3547 qun
734 3469 797 3528 eine
811 3468 941 3528 coneilio.
982 3468 1090 3527 Omnia
1108 3479 1191 3528 erant
1205 3470 1236 3529 in

187 3549 274 3608 abeo
287 3549 355 3608 duta
369 3560 457 3620 sunt3
480 3549 531 3609 sed
544 3549 691 3627 quomodo
731 3569 776 3617 eo,
799 3551 861 3628 ipse
881 3561 944 3608 erat
964 3548 1071 3607 omnia.
1109 3549 1237 3621 Quando

187 3628 250 3708 ipse
266 3650 319 3709 per
337 3641 450 3690 sanetas
466 3631 520 3690 seri
543 3641 624 3689 turae
637 3629 690 3688 do·
732 3629 835 3700 voluit,
855 3639 885 3688 et
904 3628 1050 3708 quomodo
1068 3629 1171 3698 voluit,
1189 3651 1236 3689 οε-

186 3729 252 3768 eere
265 3710 370 3778 voluit,
385 3711 426 3770 eie
443 3651 649 3789 intelligamus.
731 3711 827 3770 tendit
842 3710 973 3769 Verbum
992 3729 1077 3768 suum
1097 3710 1236 3788 tempori.

227 3789 268 3848 X.
291 3790 374 3850 Deus
403 3790 482 3850 solus
509 3811 575 3849 cum
604 3801 689 3858 esset,
731 3790 786 3850 bus
813 3791 891 3870 apud
915 3811 982 3849 eum
1009 3789 1155 3859 definitis;
1183 3811 1237 3869 per

185 3870 318 3948 nihilque
336 3871 391 3930 sibi
411 3891 539 3930 coaevum
557 3870 686 3939 heberet,
729 3891 814 3948 quem
838 3871 935 3930 omnia
959 3871 1037 3930 fecit.
1080 3871 1235 3942 Quicum

184 3949 279 4009 voluit
315 3951 457 4010 mundum
496 3951 619 4019 efficere,
658 3962 688 4011 et
729 3950 1234 4030 vult‚facit;quandocogitet.per.

183 4031 326 4090 mundum
355 4033 495 4110 cogitans,
521 4053 554 4091 ae
578 4032 688 4102 voleus,
729 4031 805 4103 ficit3
834 4033 950 4109 quando
974 4031 1114 4109 loquitur,
1136 4043 1234 4091 osten.

182 4121 214 4170 et
234 4110 333 4171 dicens
351 4113 464 4180 effecit3
490 4114 688 4190 continuoque
729 4113 774 4171 dit
784 4135 792 4182 ;
807 4112 925 4190 quando
935 4113 1050 4181 format,
1062 4112 1233 4191 sapientiam

183 4193 285 4251 extitit
309 4193 336 4252 ei
370 4195 474 4263 factus,
497 4194 573 4252 sicut
594 4191 689 4251 voluit
729 4193 800 4252 edit.
842 4193 950 4251 Omnia
970 4192 1047 4250 enim
1068 4211 1134 4270 quoe
1156 4191 1234 4252 facta

183 4273 315 4350 perfecit.
351 4275 431 4333 Satis
445 4275 534 4352 igitur
549 4274 634 4332 nobis
643 4283 688 4332 est
729 4284 807 4342 sunt,
822 4272 935 4331 ratione
952 4271 1070 4351 quidem
1084 4283 1172 4339 creat,
1187 4293 1232 4332 sa·

183 4353 256 4412 seire
269 4353 374 4421 solum,
389 4353 464 4412 nihil
482 4374 543 4413 esse
558 4355 624 4413 Deo
642 4373 689 4412 co-
729 4355 840 4432 pientia
859 4373 928 4412 vero
946 4363 1039 4412 ornat.
1075 4353 1159 4412 Fecit
1178 4353 1233 4432 igi.

183 4453 285 4492 oevum.
323 4433 409 4492 Nihil
430 4446 492 4494 erat
517 4445 622 4514 praeter
643 4433 688 4514 ip-
729 4444 779 4493 tur
800 4434 876 4494 sicut
900 4433 1011 4494 voluit:
1049 4432 1132 4492 Deus
1155 4433 1232 4492 enim

750 4551 771 4592 Κ
