3310 5224
401 437 446 502 26
736 436 1116 502 ANNO'l'ATIONES

449 609 529 674 Ibid.
546 609 567 672 l.
588 629 636 672 ιο.
654 608 715 672 τῶν
728 611 780 672 τοῦ
798 609 907 688 Κυρίου
922 608 971 672 καὶ
982 611 1065 674 Θεοῦ
1076 608 1257 692 ὀφθαλμῶν]
1275 607 1452 693 Significari

403 696 529 761 videtur
542 695 592 758 his
607 694 711 758 verbis
726 693 811 758 solus
827 693 982 759 Christus.
1018 694 1117 779 Apud
1133 692 1209 758 Vct.
1225 699 1335 758 tamen
1350 693 1453 759 Inter-

403 789 527 867 pretem
551 803 644 846 voces
673 782 722 844 καὶ
748 785 831 845 Θεοῦ
856 780 981 844 desunt.
1030 778 1159 843 Interea
1183 779 1217 843 in
1243 779 1359 844 celebri
1384 780 1453 844 loco

402 871 539 932 Aetnam
551 871 659 953 Apoet.
675 889 744 952 cap.
760 888 814 928 xx.
835 887 948 928 comm.
963 865 1013 930 28.
1034 871 1191 950 preestant
1213 865 1341 950 plurimi
1364 866 1453 931 MSti

403 959 647 1034 -ποιμανεῖν
667 953 720 1031 τὴν
740 953 902 1031 ἐκκλησίαν
921 955 972 1014 τοῦ
993 953 1102 1032 Κυρίου
1125 953 1173 1015 καὶ
1195 957 1288 1025 Θεοῦ,
1314 951 1352 1030 ἣν
1373 978 1455 1034 περι-

403 1039 551 1118 ποιήσατο
566 1043 614 1103 διὰ
629 1043 680 1102 τοῦ
696 1040 770 1102 ἰδίου
787 1039 919 1116 αἵματος.

450 1125 488 1189 Ρ.
504 1127 552 1188 16.
568 1124 588 1190 l.
602 1125 632 1189 8.
648 1126 732 1191 οὗτος
747 1124 930 1203 πρωτότακός
946 1123 1011 1185 ἔστι
1024 1127 1077 1185 τοῦ
1092 1124 1225 1206 Σατανᾶ]
1246 1122 1300 1188 Its
1314 1123 1347 1187 S.
1360 1122 1454 1208 Poly-

404 1233 518 1296 carpus
533 1210 703 1295 appellavit
717 1208 923 1284 Marcionem,
937 1229 1034 1291 quum
1049 1230 1083 1272 se
1094 1207 1127 1270 in
1141 1216 1345 1294 conspectum
1356 1209 1454 1293 ipsius

403 1297 619 1382 protrusisset,
636 1303 674 1360 ut
689 1295 776 1358 illum
791 1299 977 1394 agnosceret
992 1299 1025 1358 et
1040 1293 1205 1371 salutaret,
1221 1301 1258 1359 ut
1273 1295 1406 1358 fratrem
1420 1301 1454 1360 et

404 1382 594 1448 Christianae
610 1380 837 1446 communioms
853 1380 981 1479 socium,
998 1401 1102 1478 orans,
1118 1381 1204 1464 apud
1220 1380 1304 1444 Iren.
1315 1381 1374 1480 lib.
1388 1380 1453 1444 Ill.

404 1488 476 1618 tt·
492 1465 1454 1634 fft‘.”t‘.'‘.i.tf·1t¹flt†tllf⁰llt.lsst⁰⁶.t⁹tltllt

403 1665 493 1704 τοκον
507 1644 560 1704 τοῦ
576 1645 706 1704 Σατανᾶ.
731 1638 845 1702 Ssnrn.
878 1637 1003 1701 Praeter
1019 1635 1176 1702 Irenaeum
1186 1644 1288 1702 testes
1299 1638 1455 1703 citaverat

405 1725 555 1790 Usserius
575 1747 646 1790 cum
661 1729 732 1790 Act.
749 1723 815 1790 xiii.
835 1744 884 1787 ια.
901 1723 955 1788 ubi
975 1723 1008 1788 S.
1022 1723 1142 1787 Paulus
1157 1723 1304 1808 Elymum
1325 1743 1454 1809 magum

404 1812 471 1876 υίὸυ
485 1813 632 1892 διαβόλου
647 1811 797 1897 appellat,
813 1817 884 1875 tum
905 1809 1003 1874 ctiam
1027 1808 1204 1894 Ignatianee
1219 1811 1261 1874 ad
1277 1809 1454 1874 Trallianos

404 1897 545 1982 epistolae
561 1897 761 1982 interpolatae
776 1919 845 1981 cap.
862 1916 910 1960 11.
927 1895 959 1958 in
974 1917 1037 1979 quo
1052 1895 1094 1958 ab
1109 1895 1338 1981 interpolatore
1353 1895 1454 1960 Simo-

404 2004 476 2048 nem
491 1984 545 2048 τὸν
559 1985 746 2065 πρωτότοκον
765 1983 854 2045 αὑτοῦ
876 1981 1023 2066 (diaboli)
1040 1980 1107 2046 υίὸν
1126 1982 1324 2046 nominatum
1343 1981 1452 2046 haben.

405 2069 510 2154 Supra
523 2091 607 2146 vero,
623 2068 677 2132 ubi
691 2068 715 2131 J
717 2067 829 2133 oannis
843 2066 979 2151 apostoli
994 2067 1080 2130 locus
1094 2067 1235 2145 effertur,
1251 2089 1311 2152 pro
1325 2068 1455 2154 vulgata

405 2155 540 2222 lectione
567 2157 735 2233 ἐληλυθότα
760 2159 895 2238 praestat
920 2174 991 2217 cum
1020 2153 1090 2217 aliis
1121 2153 1327 2238 scriptoribus
1356 2162 1454 2239 atque

405 2241 565 2304 codicibus
585 2239 764 2318 ἐληλυθέναι
779 2237 989 2324 Polycarpum
1014 2238 1099 2323 quod
1119 2239 1246 2324 quidem
1265 2239 1390 2326 signare
1412 2239 1454 2304 ad

406 2326 531 2391 Novum
557 2325 798 2390 Testamentum
824 2323 925 2388 critici
955 2324 1139 2390 omiserunt.
1187 2324 1316 2390 Interea
1343 2327 1451 2404 ἐληλυ-

406 2412 491 2478 θέναι
514 2434 573 2511 pro
589 2412 770 2490 ἐληλυθῆναι
793 2431 834 2474 ex
856 2410 933 2476 edit.
949 2411 1091 2496 principe
1115 2410 1293 2498 Polycarpo
1316 2411 1453 2476 restitui.

405 2499 563 2584 Apposrte
578 2497 698 2561 indicat
710 2496 749 2560 el.
764 2495 967 2560 Jacobsonus
976 2497 1070 2562 [σου.
1080 2496 1131 2560 vii.
1141 2518 1193 2578 44.
1206 2499 1289 2577 ὑμεῖς
1301 2499 1334 2561 ἐκ
1343 2497 1454 2579 πατρὸς

405 2591 459 2648 ταῦ
474 2585 620 2664 διαβόλου
635 2581 713 2646 ἐστέ.
1196 2643 1198 2647 ,

449 2669 531 2734 Ibid.
546 2668 567 2733 l.
580 2689 611 2753 9.
635 2668 863 2756 ἀπολείποντες]
891 2667 964 2732 Ηοο
988 2689 1047 2753 pro
1073 2669 1273 2736 ἀπολιπόντες
1295 2691 1334 2732 ex
1361 2668 1453 2733 codd.

405 2755 533 2840 seriptis
548 2755 613 2819 suis
627 2753 747 2839 recepit
761 2754 786 2817 J
787 2756 973 2819 aeobsonus.

449 2840 532 2907 Ibid.
549 2840 570 2905 l.
587 2859 637 2926 13.
656 2839 710 2904 τὸν
729 2841 940 2918 παντεπόπτην
960 2841 1058 2922 Θεὸν]
1082 2840 1115 2905 S.
1127 2840 1271 2906 Clemens
1291 2839 1454 2906 Romanus

405 2927 438 2991 in
453 2927 515 2992 fine
535 2926 649 3012 prioris
667 2925 810 3011 epistolae
829 2927 872 2990 ed
892 2925 1084 3004 Corinthios,
1101 2928 1340 3007 occurreremus
1360 2929 1451 2995 Θεός.

405 3013 505 3079 Recte
519 3012 552 3078 in
575 3012 692 3077 Latina
707 3012 859 3088 versione,
875 3012 930 3076 ubi
945 3035 985 3075 ex
1000 3012 1170 3077 oscitantia
1184 3012 1304 3076 librarii
1323 3014 1454 3098 ponitur

397 3108 649 3186 ριυιραταόονανι,
666 3119 706 3162 ex
721 3098 828 3162 codice
844 3098 1086 3183 Magdaleuensi
1099 3108 1318 3183 perspectorem
1337 3098 1453 3164 substi-

404 3186 469 3252 tuis
485 3185 644 3250 Usserius.
670 3184 783 3249 Surrn.

448 3272 488 3336 P.
507 3289 557 3354 17.
583 3271 603 3336 l.
620 3273 650 3336 6.
676 3270 858 3354 δοξάζωμεν]
893 3271 985 3346 Cum,
1011 3269 1169 3335 referente
1197 3269 1338 3348 Usserio‚
1365 3271 1452 3334 istud

404 3357 552 3424 habuerit
569 3357 640 3421 MS.
657 3357 813 3433 Salmasii,
829 3356 889 3420 hoc
904 3363 964 3433 est,
981 3356 1170 3442 exemplaris
1189 3356 1359 3421 Schottani
1377 3379 1452 3441 apo-

402 3441 1452 3613 t‘ttlbllttlltltlltllsslltltttllltsjlt

404 3613 515 3679 iecisse
531 3613 755 3699 Lemoynaeum
775 3613 808 3676 in
827 3635 885 3677 sua
904 3613 1042 3678 editione
1063 3613 1242 3699 Polycarpi.
1281 3613 1362 3678 Haec
1377 3615 1452 3679 olim

404 3699 525 3785 scripsi.
571 3697 672 3778 Nune,
696 3700 781 3764 idem
802 3720 928 3783 quoque
949 3699 1110 3764 indicante
1135 3699 1252 3764 codicis
1275 3699 1453 3765 Florentini

404 3785 590 3872 apographo
618 3807 689 3849 meo
716 3783 1074 3865 VossioDoslwelliano,
1099 3791 1238 3850 testatus
1261 3792 1310 3850 est
1333 3785 1452 3851 Jacob

404 3894 501 3936 sonus
515 3877 626 3935 extare
640 3870 673 3934 in
688 3870 748 3936 hoe
763 3869 870 3935 codiee
884 3870 1071 3936 Florentino
1086 3870 1263 3952 δοξάζωμεν.

449 3957 529 4022 Ibid.
545 3957 567 4019 l.
581 3957 609 4020 8.
627 3958 674 4020 καὶ
688 3958 771 4038 ἡμεῖς
785 3963 870 4020 τοῦτο
891 3957 1125 4046 ἐπιστεύσαμεν]
1144 3958 1229 4043 Lege
1244 3958 1346 4043 τούτῳ,
1362 3957 1452 4022 velsi

404 4043 581 4108 retineatur
609 4049 707 4117 τοῦτο,
733 4041 933 4128 subintellige
960 4043 1046 4108 εἶναι.
1082 4043 1196 4108 Snrrn.
1242 4042 1341 4107 Haud
1366 4045 1452 4108 favet

405 4128 533 4213 quidem
547 4129 716 4194 mutationi
733 4129 962 4212 Interpretatic
976 4135 1087 4206 vetus;
1112 4131 1154 4194 ad
1170 4151 1259 4194 oram
1275 4135 1384 4194 tamen
1399 4153 1452 4194 ex·

404 4214 499 4299 empli
513 4213 574 4277 mei
595 4213 810 4280 Aldriehiauae
830 4214 908 4279 edit.
924 4215 971 4279 vir
991 4215 1030 4280 cl.
1052 4215 1263 4280 Marklandus
1282 4237 1379 4280 manu
1394 4237 1453 4280 sus

404 4303 498 4386 τούτῳ
512 4299 685 4384 rescripsit.

449 4386 531 4450 Ibid.
549 4385 631 4450 l.10.
656 4391 827 4466 Παρακαλῶ
843 4387 896 4452 οὖν
910 4389 984 4467 ὑμᾶς
1001 4387 1074 4474 δια]
1092 4389 1173 4454 Haec
1188 4387 1285 4453 verba
1296 4410 1395 4473 usque
1410 4388 1453 4453 nd
