3310 5224
386 1517 459 1590 EX
487 1518 836 1592 PRAEFATIONE
864 1517 1065 1591 THOMAE
1094 1515 1273 1600 SMITH,
1291 1514 1336 1588 V.
1354 1515 1430 1588 CL.

649 1765 694 1823 IN
717 1765 748 1824 S.
764 1764 922 1823 IGNATII
945 1763 1171 1830 EPISTOLAS,

612 1993 743 2044 0x0N11
769 1993 901 2042 EDITAS
926 1991 1029 2042 Anno
1055 1991 1203 2042 Mncmx.

775 2237 1043 2274 ...ι-...-

385 2468 405 2598 :⁶
423 2459 746 2614 EPISTOLAM
772 2460 803 2523 S.
823 2457 990 2546 Polycarpi
1013 2459 1053 2521 ad
1069 2456 1298 2544 Philippenses,
1313 2455 1363 2520 cui
1380 2455 1431 2521 ille

509 2562 714 2649 genuinarum
729 2564 761 2626 S.
771 2561 888 2649 Ignatii
898 2560 1110 2647 Epistolarum
1124 2559 1263 2648 syllogen
1277 2561 1458 2646 subjunx-5

386 2671 405 2700 “
420 2675 498 2742 erat,
521 2663 642 2751 primus
665 2665 777 2728 Graeoe
799 2664 915 2727 Petrus
938 2661 1068 2726 Helloix
1090 2664 1123 2726 S.
1139 2663 1172 2724 J.
1189 2684 1228 2726 ex
1249 2660 1432 2748 apographo

385 2774 405 2803 “
422 2766 573 2832 Turnani
597 2765 637 2830 ad
662 2766 750 2830 illurn
773 2789 792 2830 a
814 2764 991 2830 doctissimo
1012 2763 1090 2842 viro,
1106 2763 1230 2828 Jacobs
1252 2763 1431 2842 sirmondo,

385 2868 654 2956 “diligentissimo
669 2891 705 2932 nc
718 2867 894 2931 felicissimo
913 2866 1135 2953 antiquitatum
1158 2866 1430 2932 ecclesiasticarum

385 2977 404 3006 “
419 2970 650 3057 investigem,
678 2968 856 3033 transmisso
884 2967 983 3033 edidit
1011 2968 1043 3032 in
1070 2968 1252 3032 lumniam
1282 2969 1432 3032 Ecclesiae

385 3079 404 3108 “
421 3073 633 3136 Orientalium
661 3071 861 3158 Scriptorum
892 3072 970 3134 Vitis
998 3079 1028 3134 al
1057 3072 1273 3136 Documents's.
1319 3071 1480 3150 Duaci,10

384 3181 404 3211 “
421 3175 513 3259 1633.
531 3187 606 3237 torn.
623 3172 652 3238 I.
667 3195 698 3259 p.
710 3191 784 3256 525.
831 3172 978 3237 Genuina
999 3187 1082 3237 certe
1102 3172 1246 3260 Epistola
1268 3189 1325 3252 est,
1346 3191 1378 3239 et
1399 3175 1430 3238 in

382 3277 559 3342 “maximo
580 3274 665 3362 apud
681 3273 876 3340 Christianos
896 3274 1068 3360 primorum
1089 3275 1264 3340 seculorum
1286 3278 1387 3363 pretio
1401 3292 1433 3342 et

384 3385 406 3418 ‘⁶
421 3378 539 3443 bonore
553 3377 672 3455 habita,
688 3378 719 3440 in
735 3398 870 3462 quorum
886 3377 1065 3442 solennibus
1079 3377 1284 3443 conventibus
1301 3378 1363 3465 legi
1385 3401 1432 3442 so-

384 3487 406 3519 “
423 3479 518 3556 lebat,
533 3494 618 3543 etex
633 3500 698 3564 qua
717 3477 875 3542 Eusebius
889 3477 976 3556 dicit,
989 3479 1071 3543 inter
1092 3478 1163 3558 alia,
1178 3480 1324 3566 quaedam
1349 3480 1432 3545 testi-

384 3589 405 3622 “
421 3580 524 3646 monis
544 3603 583 3644 ex
607 3579 703 3668 priori
730 3581 763 3646 S.
780 3578 868 3644 Petri
891 3581 1035 3668 Epistola
1060 3582 1227 3670 desumpta
1248 3606 1324 3661 esse,
1345 3583 1479 3670 quod15

385 3693 407 3724 “
422 3682 538 3771 legenti
552 3682 678 3748 abunde
693 3681 863 3747 constabit:
888 3704 945 3746 nec
964 3683 1067 3748 minus
1089 3683 1298 3748 sanctissimus
1313 3699 1432 3772 martyr

384 3795 408 3827 “
423 3787 456 3852 in
479 3785 623 3874 Epistola
646 3787 679 3851 S.
696 3784 866 3851 Clementis
887 3785 1024 3850 Romani
1041 3785 1082 3850 ed
1098 3785 1278 3850 Corinthios
1292 3801 1433 3851 versatus

384 3896 406 3929 ‘⁶
420 3889 497 3954 mibi
527 3889 663 3970 videtur,
686 3889 778 3976 cujus
802 3887 898 3953 verba
921 3909 1048 3974 quoque
1073 3910 1288 3975 saepenumero
1307 3887 1430 3952 retinet.

384 3999 407 4031 “
421 3989 561 4056 Unicum
584 3990 663 4055 illud
677 3990 837 4078 exemplar
851 3989 977 4054 videtur
990 3989 1021 4053 in
1039 3989 1217 4056 Christiano
1231 3991 1307 4056 orbe
1328 3990 1432 4055 adhuc

384 4099 406 4133 “
422 4106 593 4180 repertum,
616 4117 681 4180 quo
704 4116 780 4158 usus
806 4107 854 4158 est
876 4092 1065 4173 Turrianus,
1084 4116 1123 4157 ex
1145 4116 1210 4180 quo
1232 4109 1334 4159 cetera
1355 4116 1430 4179 apo-
1444 4121 1481 4163 πο

383 4201 404 4234 “
420 4193 542 4282 grapha
556 4193 749 4259 derivantur.
793 4195 926 4260 Utinam
947 4217 1020 4259 vero
1035 4193 1088 4260 illa
1103 4196 1215 4260 Graeoe
1237 4196 1359 4282 integra
1380 4215 1432 4258 ex-

384 4303 407 4336 “
423 4293 566 4361 stitisset!
592 4295 771 4362 Dolendum
795 4296 877 4361 enim
899 4311 958 4375 est,
983 4297 1182 4384 posteriorem
1209 4311 1340 4385 partem,
1359 4319 1432 4383 quae
