3326 5200
395 417 461 478 224
734 411 1113 476 ANNOTATIONES

441 585 477 648 P.
495 603 563 668 170.
578 583 599 646 l.
620 605 645 646 1.
662 582 773 648 endem
788 583 908 667 dicere]
924 581 1033 660 Forte,
1049 583 1153 647 eadem
1167 581 1285 660 dicens,
1301 581 1362 646 nisi
1378 583 1449 668 quis

395 671 480 734 forte
494 669 580 746 velit,
596 691 630 734 ea
776 668 890 733 dicere.
913 668 936 732 J
939 691 1043 732 umes.
1089 668 1143 733 Ito
1158 668 1330 732 Rhenanus
1344 669 1450 734 sudem

396 757 496 820 dicero
511 755 648 820 retinere
662 777 701 819 vo
713 761 815 832 uerat,
831 755 928 818 verbo
943 765 1065 819 coimus
1079 764 1121 818 cst
1140 777 1179 819 ex
1195 755 1450 839 praecedentibus

397 841 576 906 subaudito.
611 841 765 926 Supplere
780 850 807 904 et
821 847 897 904 ante
912 841 1016 904 ecdem
1030 841 1098 906 vult
1113 842 1299 905 Annotstor
1313 841 1356 904 sd
1371 841 1449 905 edit.

398 928 585 992 Romanum.
631 927 694 990 Sed
709 928 845 991 fortasse
859 927 963 992 ecdem
978 926 1084 990 dicens
1099 925 1329 1012 praeicrendum
1344 933 1405 992 est.

442 1013 526 1077 Ibid.
538 1013 557 1076 l.
575 1033 621 1092 14.
633 1013 666 1075 in
681 1034 808 1076 carnem
822 1033 913 1076 sunm
928 1013 1035 1097 lepsus
1050 1014 1112 1097 est]
1130 1013 1281 1098 Superius
1292 1019 1450 1077 annotate

399 1099 526 1163 vidend
542 1098 727 1163 Tertulliani
743 1100 792 1161 De
807 1100 940 1163 Proescr.
955 1120 1024 1182 cep.
1041 1118 1094 1182 30.

445 1185 524 1248 Ibid.
549 1184 570 1249 l.
592 1187 636 1248 16.
660 1184 791 1248 infinitis
816 1183 1030 1270 superioribus
1055 1183 1213 1269 pertibus]
1239 1184 1359 1270 Legers
1381 1184 1449 1249 vult

398 1271 515 1334 Junius
538 1271 662 1354 infiniti.
718 1270 831 1334 Malim
856 1290 1009 1356 reponere
1035 1269 1067 1332 in
1093 1270 1223 1352 infinitis
1245 1269 1450 1356 superioribus

393 1356 547 1458 pectides
592 1356 703 1505 Hpbcs
724 1378 830 1441 supra,
847 1355 881 1419 in
894 1355 1017 1420 summis
1031 1364 1059 1420 ct
1073 1355 1137 1420 iliis
1150 1356 1279 1438 inficitis
1294 1355 1450 1442 partibus.

401 1465 439 1507 cs
464 1465 517 1506 .n.
559 1463 593 1505 ,ι
645 1491 651 1505 .

439 1465 561 1594 ibidli.
579 1463 625 1612 ld.
643 1528 716 1592 Hoc
730 1527 798 1592 vult
813 1527 928 1615 videri]
953 1527 1136 1613 Legendum
1157 1527 1236 1604 birse,
1255 1527 1304 1592 vel
1325 1526 1364 1592 ad
1385 1527 1448 1592 doc.

400 1614 525 1679 Junius.
571 1615 625 1679 An
653 1615 733 1692 istic,
757 1614 777 1676 i.
802 1636 831 1678 e.
858 1612 896 1678 ab
924 1614 996 1678 doci
1028 1613 1165 1679 Ssusns.
1212 1613 1452 1678 Praeierendum

401 1700 534 1778 videtur,
550 1700 589 1765 eb
603 1701 664 1766 doe.

445 1787 483 1852 P.
501 1786 605 1870 171.1.
622 1807 648 1850 1.
664 1787 841 1851 animarum
863 1785 1002 1850 sclerum
1024 1784 1101 1849 dicit
1123 1785 1274 1870 sulutem]
1292 1785 1347 1849 An
1368 1785 1451 1850 docet

402 1895 460 1958 pro
474 1874 551 1938 dicit
564 1873 752 1960 legendum!

445 1957 526 2024 lbid.
554 1959 573 2024 l.
599 1979 629 2024 r.
653 1955 810 2045 privatus]
841 1957 1032 2022 Erotericas.
1079 1956 1232 2022 Fortasse
1261 1956 1294 2018 in
1322 1957 1451 2022 vocibus

401 2067 435 2110 se
457 2046 614 2122 uentibus,
629 2045 683 2110 scd
695 2043 968 2121 octrccrdiccrias,
1006 2066 1042 2107 ro
1055 2044 1110 2108 scd
1122 2042 1321 2108 scribendum
1336 2053 1373 2107 et.

436 2067 528 2195 ibid.
548 2132 569 2194 i.
593 2135 639 2196 16.
662 2131 744 2196 Sunt
768 2130 852 2195 enim
876 2067 1448 2217 qui—dicentur‚—pronuntientur.]

402 2216 438 2281 si
469 2217 545 2300 quid
578 2218 675 2282 refert
704 2239 755 2280 me
781 2215 841 2280 hoe
867 2216 986 2292 fecisse,
1015 2215 1158 2280 revocavi
1188 2239 1228 2279 ex
1258 2214 1450 2281 editionibus

402 2303 549 2366 Rhennni
571 2311 604 2367 ct
620 2302 766 2367 Parisios
786 2309 921 2386 utreque
941 2302 1086 2366 dicontur
1107 2323 1166 2386 pro
1186 2302 1391 2378 dictatiunet
1409 2324 1450 2366 ex

402 2389 452 2453 ed.
470 2388 615 2453 Rbcnsni
631 2389 744 2453 ultima
758 2395 792 2452 ct
807 2387 955 2451 Parisino
969 2396 1105 2472 utraque
1117 2387 1239 2471 (deficit
1253 2387 1338 2451 onim
1352 2387 1385 2452 in
1399 2389 1448 2452 cd.

402 2473 1127 2644 idididdiivoalpiddnudnntibmcddddisPIridrnddriidide
1141 2559 1188 2624 'us
1207 2474 1450 2624 guibindwiidtio

403 2669 483 2711 ceno
497 2647 642 2710 dicemur
655 2645 831 2710 substituit.

447 2730 529 2797 lbid.
547 2732 567 2798 l.
585 2751 635 2798 20.
650 2740 684 2796 et
699 2751 896 2796 communem
918 2731 1045 2816 quidem
1065 2732 1165 2817 illem]
1185 2731 1302 2796 Melius
1323 2732 1450 2798 obesset

443 2817 557 2884 rtieuln
571 2829 622 2892 αις
646 2817 781 2883 fortusse
795 2840 835 2882 ex
872 2818 1048 2882 raeeedentc
1062 2827 1089 2882 st
1104 2825 1185 2894 orte,
1202 2839 1272 2902 quae
1287 2818 1416 2904 quidem
1429 2841 1451 2882 s

432 2905 529 2970 riorio
551 2905 583 2969 in
605 2904 743 2969 editione
769 2925 828 2968 sus
885 2903 1038 2989 ignitinnn
1061 2911 1094 2968 et
1115 2926 1136 2969 s
1159 2904 1304 2968 Romano
1327 2905 1450 2970 editore

401 2991 485 3055 mele
500 2991 618 3056 omisss
632 2998 691 3056 est.

445 3077 527 3142 Ibid.
543 3078 563 3142 l.
581 3096 632 3160 29.
650 3077 780 3143 Blsstus
794 3076 947 3141 secedens
964 3075 1037 3162 isc]
1054 3075 1103 3140 Ut
1118 3098 1158 3140 ex
1174 3075 1296 3141 hunno
1311 3083 1448 3154 constet,

402 3163 548 3228 Blsstum
557 3185 727 3264 'separasse
742 3185 776 3227 sc
790 3162 832 3227 ab
848 3161 988 3262 ecclesis,
1005 3161 1207 3263 quippe'eum
1222 3163 1305 3262 idem
1320 3169 1450 3262 sendus

401 3250 681 3400 fuscus
694 3249 754 3398 u.
767 3247 1450 3410 ossuum

402 3422 606 3506 superaverit.
650 3421 799 3484 Nondum
829 3442 903 3484 vero
933 3419 1069 3484 Asiatici
1099 3420 1378 3501 Quartedeeimnni
1407 3421 1448 3485 ob

401 3514 529 3593 tempus
550 3508 610 3572 sibi
632 3508 697 3571 fere
718 3506 882 3592 proprium
903 3506 1049 3570 servandi
1069 3507 1231 3590 paschatis
1255 3507 1297 3570 eb
1315 3506 1448 3572 ecclesis

402 3593 593 3658 schismatici
605 3593 740 3678 judicati
756 3599 858 3658 erent.
902 3592 953 3656 De
968 3591 1079 3656 Blesto
1097 3593 1205 3658 confer
1220 3592 1349 3656 Euscbii
1363 3593 1447 3658 Hic.

401 3680 486 3744 Eccl.
504 3679 546 3745 V.
568 3699 617 3764 15.
642 3698 702 3754 20;
727 3685 760 3744 et
774 3685 884 3743 notum
904 3699 1002 3762 supra
1019 3679 1061 3742 ed
1078 3679 1198 3743 Inssnr
1213 3677 1447 3756 Fusuunurun‚

401 3788 433 3850 p·
446 3787 571 3934 idm.
587 3851 608 3916 Ι.
626 3869 654 3916 2.
671 3849 833 3916 Christum
847 3870 906 3935 pro
927 3850 1052 3914 nomine
1073 3850 1290 3936 adprehensus
1305 3850 1446 3936 negavit]

402 3937 562 4002 Editionis
590 3937 741 4023 principis
768 3935 936 4002 lectionem
958 3936 1109 4014 revocavi,
1135 3937 1178 4000 ed
1204 3957 1300 4020 quam
1325 3935 1449 4000 notavit

402 4023 583 4100 Rhenanus,
601 4032 689 4138 “pro
704 4023 838 4100 nomine,
855 4023 915 4086 hoc
929 4029 988 4100 est,
1004 4022 1046 4086 ob
1068 4022 1294 4107 professionem
1314 4021 1450 4086 nominis

402 4117 423 4146 ‘⁴
437 4109 620 4175 Ohristinni.
682 4110 766 4173 Nem
781 4109 867 4173 istud
881 4111 955 4190 ὑπὲρ
970 4113 1023 4172 τοῦ
1042 4110 1188 4189 ὀνόματος
1209 4108 1380 4172 subaudito
1398 4111 1451 4170 rosi

401 4200 543 4275 Χριστοῦ,
570 4195 694 4281 phrasis
717 4201 767 4260 est
792 4195 1000 4282 scriptoribus
1021 4194 1180 4260 veteribus
1205 4193 1351 4270 solennis,
1379 4213 1450 4278 quae

400 4289 529 4365 sumpte
554 4303 594 4345 ex
617 4281 783 4366 Scriptura
804 4281 838 4344 S.
854 4281 989 4345 videtur.
1035 4280 1163 4345 Videsis
1181 4279 1340 4364 Reliquias
1361 4282 1449 4344 Scor.
