3294 5192
411 409 477 474 424
747 411 1127 478 ANNOTATIONES

412 581 482 646 haeo
498 581 660 647 Soaomen.
677 581 763 648 Hist.
780 584 833 648 vii.
849 585 901 648 18.
936 581 1007 648 Ἐπί
1021 585 1054 648 u
1069 587 1120 664 τῆς
1130 586 1282 667 παρούσης
1292 586 1459 668 ἡγεμονίας,

415 667 649 752 (Valentiniani
664 675 698 733 et
713 669 897 752 Theodosii)
915 671 963 733 καὶ
977 670 1161 734 Ναυατιανοὶ
1173 670 1247 753 πρὸς
1257 672 1340 753 σφᾶς
1350 676 1461 755 διενεχ-

413 751 516 821 θέντες
534 756 602 836 περὶ
620 757 671 832 τῆς
687 757 861 839 πασχαλίας
883 758 993 837 ἑορτῆς,
1012 754 1119 836 ἑτέραν
1136 758 1253 838 αἵρεσιν
1271 762 1332 820 τῶν
1354 765 1458 822 καλου-

411 838 511 918 μένων
534 845 755 920 Σσββατιανῶν
780 841 1017 921 συνεστήσαντο.
1048 841 1222 922 Σαββάτιος
1244 845 1303 925 γὰρ
1326 845 1460 924 πρεσβύ-

411 950 495 1006 τερος
507 925 565 988 ὑπὸ
582 930 756 1007 Μαρτιανοῦ
771 928 988 1010 χειροτονηθεὶς
1000 924 1063 1004 ἅμα
1074 932 1246 1014 Θεοκτιστῷ
1258 929 1306 992 καὶ
1317 931 1460 1015 Μακαρία

411 1016 474 1076 τοῖς
488 1011 762 1095 συμπρεσβιπίροις
777 1015 921 1093 ἑπόμενος
934 1019 996 1080 τοῖς
1011 1014 1046 1076 ἔν
1061 1015 1245 1094 Παζουκιύμη
1260 1016 1461 1093 συνηλυθύοιν

412 1095 460 1159 ἐπὶ
474 1100 525 1176 τῆς
539 1096 711 1164 Οὐάλεντος
729 1101 901 1177 βασιλείας,
916 1095 1000 1176 ἠξίου
1020 1096 1082 1177 ἅμα
1101 1105 1163 1167 τοῖς
1175 1097 1328 1167 Ἰουδαίοις
1342 1100 1396 1179 τὴν
1410 1105 1461 1164 τού

410 1181 517 1265 πάσχα
532 1183 637 1264 ἑορτὴν
651 1185 808 1249 ἐπιτελεῖν·
825 1186 958 1251 ἀποστὰς
971 1185 1003 1248 δὲ
1018 1188 1070 1265 τῆς
1084 1186 1245 1266 ἐκκλησίας
1260 1184 1460 1271 (designatur

410 1266 543 1333 ecelesia
560 1268 751 1350 catholica),
774 1273 811 1334 τά
831 1271 889 1350 μὲν
909 1275 1020 1351 πρῶτα,
1043 1275 1084 1350 τῆ
1105 1272 1162 1351 μὲν
1184 1269 1339 1350 ἀσκήσεως
1361 1272 1458 1350 ἕνεκα,

410 1353 519 1435 ἄριστα
542 1357 601 1437 γὰρ
627 1357 722 1436 ὲβίου,
748 1359 789 1435 πῆ
814 1356 848 1418 δέ
871 1380 954 1423 τινας
978 1358 1119 1420 ὑπονοεῖν
1144 1358 1281 1434 ἀναξίους
1308 1358 1460 1425 κοινωνίας

408 1441 578 1522 μυστηρίων
592 1441 767 1521 ἐσκήπτετο·
784 1443 823 1508 ὣς
835 1443 869 1505 δὲ
885 1443 1020 1524 ἐγεγόνει
1035 1445 1125 1520 δῆλος
1140 1443 1328 1524 νεωτερίζων,
1345 1444 1401 1508 δια.

452 1524 490 1588 P.
502 1528 575 1610 396.
592 1525 613 1591 I.
626 1546 657 1607 4.
681 1527 885 1594 Ναυατιανούς
898 1528 966 1595 τοὺς
979 1526 1127 1608 λέγοντας
1143 1529 1264 1595 ἑαυτοὺς
1286 1529 1455 1612 Καθαροὺς]

409 1611 486 1693 Περὶ
511 1619 570 1676 τῶν
594 1615 798 1690 ὀνομαζόντων
823 1613 943 1680 ἑαυτοὺς
969 1615 1124 1695 Καθαρούς
1148 1638 1232 1690 ποτε,
1258 1612 1384 1678 initium
1407 1620 1458 1678 ast

408 1698 539 1762 canonis
552 1697 652 1763 VIII.
668 1699 799 1764 Oouailii
814 1697 945 1763 Nieaeni.
988 1698 1190 1784 Augustinus
1205 1700 1244 1763 de
1261 1698 1456 1777 Haeresibus,

408 1803 479 1868 ουρ.
489 1784 541 1868 38.
558 1785 696 1859 Oatlari,
707 1786 760 1870 qai
773 1785 880 1870 σοι’ροοι
892 1784 949 1849 ι’ςίο
962 1785 1089 1862 ποτνίας,
1101 1785 1191 1870 quasi
1197 1794 1325 1870 ριυρίστ
1335 1786 1456 1850 mucidi·

406 1869 1457 2043 multimammffilmm

406 2041 600 2194 ίὸατιίίσυνω
623 2043 703 2108 mida
721 2045 813 2110 οιύαυι
830 2042 1003 2108 Νοοαιιῗαυιῗ
1021 2043 1225 2128 appellantur.
1244 2063 1362 2128 11194,
1378 2043 1452 2108 edit.

433 2135 500 2194 ant.

451 2215 533 2280 Ibid.
549 2215 569 2280 l.
579 2231 610 2302 5.
635 2219 684 2281 καὶ
699 2213 928 2301 καθερωτέρους]
940 2214 1048 2301 Vulgo
1062 2214 1242 2296 ἀριστίρσυς,
1259 2215 1454 2300 eandemque

405 2322 515 2365 vocem
529 2301 571 2366 ab
585 2302 732 2368 omnibus
746 2303 874 2388 quidem
888 2308 1059 2386 receptam,
1074 2307 1108 2365 et
1122 2300 1155 2363 in
1170 2301 1315 2366 omnibus
1326 2300 1387 2366 son·
1410 2300 1454 2365 tis

405 2385 586 2451 Bodleianis
601 2395 774 2465 extantem,
790 2388 889 2452 habet
903 2387 1001 2453 etiam
1020 2408 1122 2452 oanan
1142 2385 1311 2451 Trullanus
1326 2323 1452 2451 XOlV.

405 2493 476 2535 eam
491 2471 535 2536 sie
550 2473 783 2557 interpretante
798 2473 1007 2549 Balsamon03
1032 2476 1191 2536 καλοῦνται
1205 2475 1238 2536 δὲ
1257 2475 1286 2536 ol
1306 2473 1391 2537 αὐτοὶ
1405 2473 1454 2538 καί

405 2557 566 2640 ἀριστέροι,
582 2558 622 2625 ὣς
644 2558 698 2636 τὴν
721 2557 881 2640 ἀριστίραν
895 2564 983 2641 χεῖρα
1003 2560 1244 2640 βδελιπτάμενσι,
1261 2559 1309 2622 καὶ
1327 2559 1367 2638 μὴ
1381 2560 1452 2623 ἀνε-

403 2644 527 2726 χόμενοι
542 2641 577 2706 δι’
594 2643 683 2707 αὐτοῦ
702 2643 736 2708 τὸ
756 2647 856 2708 ὁτιοῦν
875 2643 1086 2728 ὑποδέχεσθαι.
1132 2643 1285 2709 Similiter
1298 2644 1452 2729 interpre-

403 2735 494 2793 tatur
509 2729 765 2816 Harmeuopulus
779 2731 817 2796 da
831 2730 926 2794 ιδόαιιζς
940 2737 1018 2795 seat.
1033 2753 1084 2794 xv.
1122 2729 1185 2794 Sed
1199 2729 1246 2794 ait
1261 2728 1452 2816 Beveregius

403 2814 928 2970 lllltiffltltsstt
938 2814 1451 2987 missilium

402 2987 463 3052 hoe
478 2996 604 3055 tantum
618 2991 817 3074 posuit-sal
832 2989 1015 3053 Ναυατιανοὶ
1032 2990 1062 3050 ol
1082 2990 1201 3055 ἑαυτους
1220 2988 1364 3070 καθαροὺς
1382 2989 1450 3052 ἀνο-

400 3075 552 3154 μάζοντες,
569 3077 610 3140 ὧν
625 3079 677 3144 τὰς
691 3076 821 3160 αίρίσεις
833 3074 1129 3158 παραάεάηλύκαμεν.
1173 3072 1196 3136 J
1198 3073 1329 3138 ustellus
1339 3079 1449 3138 autem

399 3160 442 3223 ad
466 3181 556 3225 oram
580 3162 705 3241 eodiais,
729 3183 823 3246 quem
844 3167 938 3225 votat
963 3158 1114 3223 Ecclesiae
1136 3157 1312 3238 Universa,
1335 3166 1373 3224 ut
1394 3181 1448 3224 ςα-

398 3245 537 3310 llantem
565 3247 733 3312 leotionem
760 3247 879 3312 adlevit
914 3248 1060 3328 ἀρίστους.
1115 3243 1285 3310 Aunotant
1322 3267 1448 3331 quoque

399 3331 503 3397 Graeci
518 3334 560 3398 ad
576 3333 742 3398 Pedalium
757 3355 857 3410 suum,
875 3335 909 3396 ἐν
923 3333 1030 3399 ἀλλοις
1046 3337 1139 3396 κεῖται
1154 3331 1300 3412 ἀρίστους.
1348 3331 1448 3395 Bove-

396 3417 564 3504 regiusque
578 3419 634 3497 ait,
649 3418 817 3506 legendum
831 3419 918 3482 haud
932 3417 1028 3481 dubie
1043 3419 1091 3482 καὶ
1106 3418 1254 3498 ἀρίστους,
1268 3416 1317 3481 vel
1331 3417 1448 3482 saltem

398 3505 447 3569 καὶ
469 3505 697 3588 καθαρωτάρους,
713 3512 750 3570 ut
772 3505 805 3568 in
825 3503 971 3590 Epistola
992 3503 1034 3566 ad
1056 3503 1293 3586 Martyrium‚e
1314 3525 1378 3587 qua
1392 3502 1448 3567 hie

396 3610 498 3656 canon
512 3591 690 3678 descriptus
704 3590 839 3656 videtur.
884 3590 967 3656 Olim
982 3589 1109 3674 quidem
1120 3589 1267 3673 opinatus
1279 3611 1358 3668 sum,
1370 3589 1447 3652 snb-

395 3677 593 3743 stituendum
619 3701 687 3744 esse
708 3679 769 3742 hoa
792 3677 862 3742 Ιοοο
884 3678 932 3740 καὶ
957 3677 1104 3757 ἀρίστους,
1127 3695 1211 3738 nune
1238 3696 1313 3739 vero
1336 3674 1447 3760 potius

394 3765 545 3829 standum
559 3787 627 3829 esse
641 3763 715 3830 fidei
730 3763 873 3829 audinum
887 3761 1035 3848 Ερίςίοία
1048 3760 1093 3825 ad
1107 3761 1311 3845 martyriam,
1326 3761 1360 3824 in
1375 3761 1447 3846 qui-

393 3848 453 3914 bus
468 3859 559 3917 extat
574 3853 622 3916 καὶ
638 3849 863 3933 καθερωτίρους,
877 3849 910 3912 id
925 3849 1010 3934 quod
1024 3848 1152 3911 demum
1168 3847 1283 3932 recepi.
1321 3846 1445 3933 Lagare

393 3935 461 4001 vult
474 3937 498 4000 J
500 3938 659 4002 ohnsonus
674 3935 829 4022 Anglious
840 3935 1004 4000 Oanonnm
1018 3934 1180 4018 Interpres
1195 3935 1244 3997 καὶ
1258 3934 1444 4015 κρατίστους,

392 4025 545 4108 tanquam
559 4045 580 4089 a
594 4023 739 4088 secundis
754 4021 874 4108 nuptiis
887 4021 1093 4086 abstinentes.

435 4107 520 4172 lbid.
535 4108 599 4174 1.6.
616 4113 714 4174 είτουν
726 4109 913 4192 Τετραδῖται]
931 4105 1129 4171 Balsamonis
1142 4103 1365 4189 interpretatio
1380 4112 1444 4170 est.

390 4194 432 4255 Oi
450 4194 534 4257 αύτοί
553 4197 586 4259 u
605 4193 994 4280 (Τεσσαρεσκαιδεκατῖται)
1016 4193 1064 4256 καί
1084 4196 1261 4273 Τετραδῖται
1283 4187 1443 4271 λέγονται,

390 4277 484 4340 ὅτιτὸ
505 4280 610 4363 πάσχα
631 4279 827 4362 ἑορτάζοντες,
843 4281 878 4344 ού
898 4280 1108 4357 καταλύουσιν,
1127 4278 1210 4340 ἀλλά
1232 4277 1443 4354 νηστεύουσιν,

390 4363 491 4440 ὥσπερ
501 4363 585 4440 ἡμεῖς
598 4368 650 4429 τὰς
663 4363 813 4446 τετράδας,
828 4371 947 4430 ποιοῦσι
962 4366 995 4429 δὲ
1006 4369 1092 4430 τοῦτο
1102 4366 1177 4428 κατὰ
1188 4361 1255 4428 τοὺς
1265 4359 1441 4442 Ἰουδαίους,
