3310 5224
384 503 435 566 IN
461 501 493 566 S.
512 500 789 566 POLYCARPI
812 499 1106 565 EPISTOLAM.
1227 500 1271 565 27

217 671 295 736 illud
321 673 495 738 ἀναστάντα
516 674 602 761 apud
625 673 797 737 Eusebium
821 671 997 736 afferuntur
1018 671 1051 734 in
1072 670 1153 735 libro
1175 673 1273 738 tertio

216 759 301 824 Ηῖτδ.
312 759 397 823 Εοοῖ.
412 781 482 844 cap.
491 764 545 846 36.

262 845 445 909 lbid.l.12.
470 845 508 923 ἣν
532 848 581 910 καὶ
598 849 677 910 ἴδετε
697 843 758 909 κατ’
779 844 967 930 ὀφθαλμοὺς]
1001 843 1199 909 Particulam
1223 847 1271 910 καὶ

217 952 258 994 ex
280 931 389 995 codice
409 931 597 996 Florentino
620 930 771 1016 supplevi,
787 931 820 994 in
842 951 906 1015 quo
929 937 1047 1008 tamen,
1066 938 1163 1015 prout
1183 932 1270 1016 apud

217 1015 400 1095 Eusebium,
426 1021 520 1082 εἴδετε
541 1038 601 1103 pro
620 1020 698 1081 ἴδετε
721 1017 874 1102 scriptum
897 1023 956 1094 est,
982 1015 1134 1100 Idemque
1151 1017 1184 1079 in
1206 1018 1270 1081 edi·

216 1102 304 1168 tione
319 1125 377 1168 sua
390 1103 499 1189 posuit
514 1103 732 1188 Lemoynaeus,
748 1103 830 1168 sicut
843 1109 920 1166 ante
935 1123 1007 1166 eum
1021 1103 1194 1178 Maderus;
1212 1104 1267 1168 sed

215 1189 405 1254 adversante
422 1189 693 1275 Interpretatione
708 1196 824 1265 vetere,
842 1209 911 1273 quac
926 1189 1034 1266 habet,
1047 1209 1139 1274 quom
1154 1194 1188 1253 et
1202 1211 1269 1253 oco-

215 1273 360 1360 lutufide
377 1275 508 1339 vidistis.
557 1275 660 1339 Porro
679 1275 869 1361 particulam
885 1283 921 1352 ct,
939 1295 1036 1359 quam
1057 1275 1159 1339 nescit
1173 1275 1269 1340 hu'us

215 1359 488 1446 interpretationis
508 1360 607 1426 editio
627 1361 783 1447 princepe,
799 1368 911 1425 tuetur
922 1361 1022 1425 codex
1040 1361 1111 1424 MS.
1130 1298 1266 1510 Maplda-

214 1444 358 1524 lenensis,
376 1447 431 1532 qui
445 1447 614 1533 Polycarpi
630 1447 804 1511 versionem
821 1447 971 1511 Latinam
986 1447 1138 1510 continet.
1220 1469 1267 1512 aec

213 1531 289 1595 olim
306 1555 375 1619 ego.
412 1533 504 1597 Nunc
523 1540 664 1599 testatur
683 1534 894 1610 Jacobsonus,
911 1539 978 1597 tres
1000 1553 1074 1596 suos
1097 1532 1265 1618 Polycarpi

213 1618 337 1684 codices
352 1619 520 1684 lectionem
535 1619 572 1698 ἣν
591 1621 638 1683 καὶ
659 1623 737 1684 ἴδετε
758 1627 921 1705 praestare,
938 1619 1014 1682 dum
1029 1625 1138 1683 tamen
1153 1618 1185 1682 in
1199 1641 1264 1684 uno

213 1725 331 1782 eorum,
348 1704 400 1769 hic
414 1712 464 1770 est
481 1706 552 1770 MS.
566 1703 753 1783 Vaticanus,
770 1705 923 1790 seriptum
939 1711 988 1769 est
1008 1705 1158 1768 mendose
1173 1709 1264 1769 ἴδοτε.

214 1789 410 1870 Quinetiam
429 1792 515 1876 opud
536 1792 719 1869 Eusebium,
737 1792 790 1876 qui
805 1792 902 1855 verbe
916 1791 1061 1868 adduxit,
1079 1799 1149 1855 tum
1164 1791 1265 1855 codex

213 1874 402 1940 Parisiensis
425 1877 664 1962 antiquissimus
688 1882 767 1942 ἴδετε
790 1899 811 1941 a
836 1876 940 1977 primo
962 1898 1068 1952 manu,
1091 1883 1161 1940 tum
1188 1898 1263 1941 vero

212 1962 312 2026 codex
337 1962 565 2028 Norlolciencis
590 1963 623 2026 in
650 1964 764 2028 Museo
788 1963 974 2027 Bntannico
1000 1961 1158 2047 repositus
1180 1962 1264 2026 idem

211 2046 343 2113 habent.
390 2049 482 2131 Quod
505 2050 632 2135 quidem
654 2071 695 2113 ex
717 2070 839 2134 nupera
860 2049 1000 2113 editione
1023 2048 1082 2111 viri
1105 2047 1264 2113 desidera

211 2133 325 2198 tissimi
342 2134 483 2200 Eduardi
499 2135 634 2200 Burtoni
649 2135 806 2200 discimus.

254 2219 291 2282 P.
313 2220 466 2305 17.l.13.
498 2224 547 2285 καὶ
571 2224 699 2306 Ζωσίμῳ
728 2223 776 2286 καὶ
799 2219 930 2306 Ῥούφῳ]
967 2219 1093 2284 Iudicat
1119 2220 1263 2286 Smithus

209 2305 467 2392 Mamyroloyimu
493 2309 664 2371 Remorum
693 2308 736 2371 ad
767 2329 855 2370 xum.
884 2305 1079 2384 Decembris,
1110 2305 1164 2369 ubi
1194 2307 1263 2372 baec

210 2391 316 2475 posita
345 2400 429 2457 sunt.
475 2393 567 2457 Phili
616 2394 623 2408 '
662 2394 698 2457 ic
724 2393 921 2469 Macedonia,
947 2392 1063 2456 notulis
1090 2401 1263 2456 scammum

208 2487 380 2562 usonyrmn
398 2479 485 2562 Ituffi
504 2489 532 2542 ct
580 2480 689 2551 ocimi,·
719 2479 773 2564 qui
787 2501 823 2542 co
843 2501 875 2542 co
894 2500 1019 2543 ονττιοτο
1041 2477 1263 2564 dissipaturum

198 2563 342 2645 suerum,
363 2585 521 2650 perquer
538 2565 707 2650 primitivo
732 2565 856 2629 ecclesio
881 2565 916 2628 to
940 2564 1065 2628 Judoeo
1089 2573 1118 2628 ot
1144 2566 1262 2630 muco

198 2649 341 2731 foedato
365 2659 428 2724 οτι,-
461 2651 499 2714 de
522 2671 649 2736 quorum
674 2652 767 2716 otiam
780 2651 876 2734 sotici
898 2671 991 2735 oporte
1014 2647 1121 2713 scribit
1141 2661 1262 2716 socom

208 2734 401 2821 Polycarpum
419 2736 454 2800 ic
468 2737 611 2821 Epiust»
629 2737 675 2802 ad
687 2736 910 2822 Philippenses,
925 2758 956 2822 p.
969 2755 1045 2820 314.
1061 2735 1138 2800 edit.
1156 2736 1257 2802 Paris.

207 2823 372 2970 anlliidgl.
383 2923 411 2990 7.
428 2909 510 2972 ἀλλὰ
526 2909 573 2972 καὶ
590 2909 623 2973 ἓν
638 2910 744 2976 ἄλλοις
757 2915 821 2975 τοῖς
837 2907 872 2987 ἐξ
889 2909 983 2992 ὑμῶν]
1005 2915 1023 2942 “
1037 2906 1089 2970 lta
1103 2905 1258 2970 hodierna

208 2999 228 3026 ‘¹
242 2991 410 3078 Polycarpi
431 2993 625 3094 exemplaria
643 3001 678 3058 et
698 2994 838 3058 Eusebii.
883 2993 947 3057 Sed
968 2993 1051 3073 ἡμῶν
1073 2992 1106 3056 in
1127 2991 1258 3057 Eusebii

208 3085 228 3113 ‘⁶
239 3079 347 3143 codice
363 3079 405 3142 D.
423 3079 530 3144 Savilir
546 3088 580 3144 et
595 3079 775 3165 Nicephoro
787 3088 820 3145 et
834 3079 1020 3164 apographo
1032 3078 1179 3141 Salmasii
1193 3078 1255 3164 legi

207 3171 227 3200 “
239 3164 362 3230 notavit
376 3164 498 3229 calamo
513 3166 547 3229 in
560 3165 632 3229 libri
647 3166 695 3230 sui
707 3187 765 3229 ora
777 3165 937 3229 Usserius.
969 3162 1140 3227 Probabile
1152 3170 1203 3227 est
1213 3165 1253 3228 de

207 3257 227 3285 ‘⁴
236 3250 283 3313 sui
299 3251 452 3336 temporis
466 3251 684 3335 persecutione
699 3250 936 3336 intelligendum
948 3271 1016 3314 esse
1033 3248 1253 3333 Polycarpum,

206 3342 419 3421 “quanquam
434 3336 485 3401 hio
504 3337 666 3422 apostolos
686 3337 783 3400 etism
808 3337 894 3421 ipsos
915 3336 949 3399 in
968 3334 1183 3419 exemplorum
1199 3357 1255 3398 nu-

206 3428 226 3456 “
238 3442 326 3485 mero
339 3423 562 3487 recensuerit?
578 3423 729 3486 Dodwell.
745 3423 874 3486 Discors.
894 3423 986 3507 ΟΨ.
1000 3421 1084 3483 Diss.
1098 3419 1142 3483 xi.
1159 3421 1188 3502 ξ.
1202 3439 1251 3502 27.

204 3529 226 3570 a
239 3507 264 3570 J
265 3531 414 3570 soonsouo
424 3507 551 3574 allatus.

249 3593 329 3657 lbid.
348 3594 369 3656 l.
385 3611 433 3674 17.
457 3596 506 3658 καὶ
528 3596 574 3657 ὅτι
596 3597 639 3661 εἰς
660 3593 714 3658 τὸν
736 3595 937 3674 ὀφειλόμενον
958 3593 1058 3658 αὐτοῖς
1077 3595 1170 3655 τόπον
1194 3593 1254 3656 εἰσὶ

204 3681 284 3759 παρὰ
299 3684 339 3766 τῷ
356 3683 463 3764 Κυρίῳ,
477 3677 500 3765 ᾤ
515 3681 563 3743 καὶ
575 3679 761 3766 συνέπειθον]
786 3679 838 3744 Sic
849 3679 936 3742 locus
951 3677 1075 3778 legitur,
1087 3684 1156 3741 tam
1167 3679 1253 3763 apud

203 3765 386 3842 Eusebium,
410 3786 505 3849 quam
526 3766 559 3829 in
578 3765 745 3851 Polycarpi
769 3765 898 3842 Graecis,
924 3771 957 3828 et
980 3785 1013 3825 m
1032 3762 1183 3848 subjectis
1197 3763 1253 3827 fini
1336 3824 1341 3837 ,

204 3851 362 3916 Actorum
378 3850 496 3937 Ignatii
512 3851 545 3915 in
560 3851 667 3915 codice
684 3851 757 3915 MS.
770 3851 944 3915 Bodleiano
960 3848 1063 3913 Laud.
1078 3849 1117 3912 C.
1130 3869 1182 3933 93.
1197 3849 1252 3913 ad-

203 3937 279 4001 dere
300 3944 409 4001 tamen
431 3936 498 4001 vult
521 3936 664 4001 Smithus
684 3937 814 4002 verbum
833 3937 1027 4017 πορευόμενοι
1068 3941 1120 3998 ost
1140 3935 1249 4008 αὐτοῖς,

205 4022 280 4087 Vet.
308 4022 521 4108 Interpretem
547 4029 695 4096 secutus;
724 4022 885 4087 Patricius
909 4028 1018 4085 sutem
1040 3957 1159 4084 lunius
1180 4042 1251 4084 cen·

202 4115 311 4172 suerat
334 4109 544 4193 supplendum
564 4111 770 4190 ἑτορεύθησαν
790 4109 837 4171 τοὶ
858 4114 933 4192 post
954 4108 1057 4180 τόπον,
1079 4105 1251 4171 elementis

203 4193 339 4258 Romani
354 4195 490 4279 epistola
503 4194 674 4279 appellata.
720 4194 877 4258 Neutrum
896 4213 971 4258 vero
985 4192 1248 4270 emendationem,

202 4301 272 4345 cum
289 4283 331 4347 εἰς
344 4301 404 4365 pro
420 4283 454 4344 ἐν
471 4280 523 4344 hic
538 4280 677 4365 positum
691 4281 846 4358 videatur,
862 4278 1071 4342 necessariam
1086 4301 1155 4342 esse
1170 4280 1250 4344 exis-

201 4365 320 4430 timem.
351 4366 523 4431 Clementis
537 4367 635 4431 verba
648 4373 732 4442 sunt,
753 4366 900 4450 [Πέτρ]ος
915 4368 962 4428 διὰ
978 4367 1070 4442 ζῆλον
1080 4365 1182 4428 ἄδικον
1192 4367 1249 4448 οὐχ

205 4453 275 4535 [ἕνα
289 4453 336 4536 οὐ]
355 4454 388 4516 δὲ
404 4454 466 4525 δύο,
483 4453 566 4515 ἀλλὰ
584 4453 728 4518 πλείονος
746 4451 944 4536 ιἠτήῇἐγκεν]
961 4453 1081 4522 τόνους,
1108 4451 1155 4514 καὶ
1173 4453 1247 4512 οὕτω

697 4555 754 4600 na
