3326 5200
405 461 471 524 240
789 459 1077 525 FIRMILIANI

407 643 597 706 venturum
638 635 816 726 quendam
857 655 1020 706 aversum
1053 643 1093 705 et
1125 641 1342 706 tentatorem
1376 635 1454 706 infi-

407 753 534 822 delem.
585 750 720 822 Tamen
745 750 806 822 ille
832 751 1008 822 exorcista
1034 750 1223 842 inspiratus
1244 749 1315 822 Dei
1339 752 1455 845 gratia

408 869 548 938 fortiter
572 866 713 948 restitit,
731 873 769 936 et
786 888 863 938 esse
886 865 988 936 illum
1011 867 1265 958 nequissimum
1290 867 1454 960 spiritum

407 985 467 1076 qui
501 984 597 1076 prius
630 989 773 1054 sanctus
806 983 998 1074 putabatur
1031 983 1197 1054 ostendit.
1248 981 1363 1076 Atqui
1392 983 1455 1053 illa

407 1097 544 1182 mulier,
575 1121 656 1191 quse
685 1097 782 1190 prius
811 1119 875 1189 per
900 1099 1096 1192 praestigias
1130 1108 1168 1170 et
1197 1098 1353 1169 fallacias
1386 1100 1480 1172 dae·⁵

407 1215 532 1297 monis,
559 1213 674 1282 multa
700 1214 745 1283 ad
775 1212 1021 1306 deceptionem
1046 1215 1206 1285 fidelium
1231 1214 1454 1296 moliebatur,

408 1333 501 1402 inter
525 1339 653 1401 caetera
678 1329 805 1422 quibus
832 1329 1002 1422 plurimos
1028 1332 1225 1425 deceperat,
1249 1331 1359 1403 etiam
1387 1330 1455 1400 hcc

408 1449 612 1541 frequenter
628 1469 713 1517 ause
729 1455 793 1530 est,
811 1455 853 1517 ut
875 1455 913 1516 et
936 1447 1160 1518 invocatione
1182 1470 1255 1518 non
1273 1457 1457 1539 contemp-

408 1565 501 1634 tibili
531 1563 748 1634 sanctificare
777 1585 815 1633 se
842 1583 970 1655 panem
1000 1572 1038 1633 et
1064 1563 1312 1634 eucharistiam
1339 1563 1456 1632 facere

408 1679 601 1763 simularet,
631 1688 669 1749 et
698 1679 908 1750 sacrificium
938 1677 1095 1750 Domino
1128 1701 1200 1750 non
1234 1681 1309 1750 sine
1343 1701 1456 1750 sacra-
1471 1705 1506 1744 ιο

408 1807 531 1870 mento
548 1797 659 1868 solitae
684 1795 944 1888 praedicationis
964 1795 1126 1880 offerret3
1155 1795 1352 1888 baptizaret
1369 1819 1456 1888 quo-

409 1937 478 2006 que
494 1911 628 1983 multos
653 1913 785 1982 usitata
803 1919 841 1982 et
864 1910 1026 2005 legitima
1042 1911 1150 1982 verba
1171 1912 1456 2005 interrogationis

410 2051 590 2122 usurpans,
617 2036 659 2098 ut
688 2027 738 2096 nil
766 2029 963 2120 discrepare
991 2028 1038 2099 ab
1069 2026 1308 2098 ecclesiastica
1333 2027 1457 2122 regula

410 2147 598 2216 videretur.
650 2143 746 2226 Quid
771 2145 881 2237 igitur
903 2145 947 2214 de
970 2142 1075 2235 hujus
1091 2143 1269 2236 baptismo
1286 2143 1456 2226 dicemus,

410 2282 480 2353 quo
510 2259 743 2350 nequissimus
768 2260 907 2329 daemon
933 2281 997 2351 per
1021 2257 1209 2328 mulierem
1235 2257 1505 2352 baptizavitirs
1644 2323 1645 2344 ,

411 2374 585 2468 Nunquid
615 2384 653 2445 et
678 2374 746 2445 hoc
772 2373 984 2468 Stephanus,
1005 2383 1044 2445 et
1066 2375 1127 2467 qui
1152 2373 1205 2444 illi
1230 2375 1458 2446 consentiunt

411 2489 666 2584 comprobant?
690 2492 847 2562 maxime
873 2492 930 2561 cui
952 2513 1020 2562 nec
1045 2489 1245 2584 symbolum
1264 2489 1457 2575 Trinitatis,

411 2629 478 2678 nec
511 2607 740 2699 interrogatio
782 2605 944 2699 legitima
977 2614 1017 2676 ct
1049 2606 1287 2678 ecclesiastica
1319 2607 1459 2680 dehriti

413 2724 539 2795 Potest
563 2722 659 2793 credi
688 2731 751 2793 aut
773 2724 931 2794 remissio
949 2730 1177 2816 peccatorum
1202 2723 1294 2805 data,
1320 2732 1384 2794 aut
1408 2721 1460 2793 la·

414 2841 507 2912 vacri
533 2839 695 2910 salutaris
724 2841 944 2934 regeneratio
972 2840 1041 2910 rite
1063 2837 1230 2931 perfecta,
1252 2838 1315 2908 ubi
1340 2839 1509 2909 omniane

412 2955 572 3050 quamvis
589 2955 634 3025 ad
651 2955 842 3050 imaginem
860 2956 1028 3037 veritatis,
1042 2961 1163 3024 tamen
1179 2975 1243 3045 per
1259 2953 1460 3024 daemonem

411 3080 514 3166 gesta
529 3070 637 3142 sunt?
664 3070 732 3141 nisi
748 3071 778 3141 si
795 3079 833 3140 et
849 3072 1046 3140 damonem
1063 3070 1101 3138 in
1117 3068 1261 3139 nomine
1279 3068 1404 3153 Patris,
1422 3079 1461 3141 et

414 3187 505 3270 Filii,
536 3193 574 3255 et
602 3184 755 3278 Spiritus
785 3185 918 3266 Sancti,
945 3185 1096 3278 gratiam
1125 3183 1292 3276 baptismi
1322 3186 1460 3257 dedisse

413 3301 644 3384 contendunt,
674 3302 735 3394 qui
768 3301 1014 3372 haeretieorum
1042 3300 1220 3391 baptisma
1253 3301 1459 3372 defendunt.

413 3416 523 3511 Apud
558 3438 646 3508 quos
675 3419 751 3487 sine
778 3417 887 3487 dubio
916 3417 1012 3486 idem
1042 3438 1138 3485 error
1163 3424 1228 3499 est,
1256 3417 1458 3487 daemonum
1471 3445 1509 3508 ²5

412 3532 552 3605 fallacia
576 3531 652 3623 ipsa
676 3541 753 3615 est;
779 3533 920 3624 qnando
937 3531 1031 3624 apud
1048 3529 1128 3602 illos
1145 3533 1289 3602 omnino
1306 3531 1460 3624 Spiritus

414 3650 567 3721 Sanctus
591 3657 748 3719 nonest.
800 3647 895 3717 Illud
922 3648 1030 3718 etiam
1058 3645 1162 3739 quale
1188 3647 1365 3740 estquod
1382 3645 1461 3716 vult
1639 3595 1644 3770 ⁴

415 3765 628 3858 Stephanus,
645 3765 700 3835 his
726 3764 786 3856 qui
812 3763 906 3856 apud
932 3763 1119 3834 haereticos
1142 3763 1379 3856 baptizantur,
1400 3761 1461 3831 ad-

416 3904 492 3953 esse
521 3882 743 3976 presentiam
768 3888 807 3950 et
829 3879 1098 3950 sanctimoniam
1122 3879 1280 3950 Christi?
1308 3877 1406 3948 Nam
1431 3879 1461 3948 si

318 4018 353 4067 sn.
366 4029 405 4080 η.
415 4021 487 4068 non
503 3999 676 4069 mentitur
692 3994 872 4089 apostolus
889 3994 1028 4066 dicens:
1055 3995 1242 4088 Quotquot
1264 3996 1301 4065 in
1319 3993 1461 4064 Christo
1471 4023 1514 4082 30

415 4114 520 4184 tincti
550 4115 644 4197 estis,
670 4113 852 4184 Christum
878 4111 1062 4194 induistis;
1089 4110 1214 4202 utique
1240 4109 1300 4201 qui
1324 4107 1397 4177 illic
1423 4109 1461 4176 in

415 4227 557 4301 Christo
573 4231 773 4323 baptizatus
790 4239 855 4312 est,
872 4229 988 4298 induit
1005 4225 1206 4296 Christum:
1224 4225 1254 4294 si
1271 4230 1392 4294 autem
1409 4223 1463 4291 in-

415 4343 494 4414 duit
511 4343 702 4428 Christum,
720 4344 878 4437 accipere
901 4344 1020 4437 potuit
1042 4348 1080 4414 et
1098 4340 1270 4433 Spiritum
1289 4337 1462 4410 Sanctum
