3294 5192
408 1103 740 1188 SYMBOLUM
772 1103 1082 1202 NICAENUM,

323 1341 379 1398 AD
410 1339 631 1398 EXEMPLAR
666 1337 780 1409 QUOD
816 1337 946 1396 ΕΧΤΑΤ
976 1337 1021 1396 ΙΝ
1053 1337 1169 1396 Acrls

379 1537 846 1607 OHALOEDONENSIS
876 1539 1117 1608 00N01L11.

605 1788 886 1840 ...φ-

222 2011 606 2144 ΠΙΣΤΕΥΟΜΕΝ
625 2012 674 2091 εἰς
700 2005 763 2086 ἕνα
780 2003 877 2086 θεὸν
901 2005 1048 2111 πατέρα,
1066 2007 1271 2112 παισοκρό·

194 2163 211 2224 5
314 2168 414 2239 τορα,
438 2133 584 2215 πάντων
609 2135 750 2238 ὁρατῶν
773 2167 812 2214 τε
837 2137 896 2214 καὶ
925 2136 1088 2240 ἀορατῶν
1109 2134 1272 2238 ποιητήν.

225 2264 298 2341 Καὶ
306 2267 356 2347 είς
368 2262 431 2343 ἕνα
443 2260 733 2366 ΚῦριονἸησοῦν
742 2259 918 2365 Χριστόν,
929 2261 994 2342 τόν
1004 2261 1081 2344 νίὸν
1092 2271 1156 2344 τοῦ
1168 2270 1276 2363 θεοῦ,

223 2390 437 2492 γεννηθέντα
454 2392 493 2469 ἐκ
511 2387 737 2494 τοῦπατρὸς,
752 2393 940 2492 μονογενῆ,
958 2389 1144 2470 τουτέστιν
1161 2393 1201 2471 εἰς
1213 2396 1278 2492 τῆς

224 2515 350 2601 οὐσίας
378 2525 442 2597 τοῦ
470 2515 618 2621 πατρός·
658 2515 755 2597 θεόν
776 2519 816 2598 ἐκ
843 2523 951 2616 θεοῦ,
976 2523 1055 2624 φῶς
1081 2519 1121 2598 ἐκ
1146 2524 1276 2626 φῶτας,

224 2641 321 2726 θεὸν
338 2643 511 2744 ἀληθινὸν
529 2646 569 2724 εἰς
588 2649 685 2725 θεοῦ
702 2647 887 2746 ἀληθινοῦ,
906 2644 1121 2748 γεννηθέντα
1138 2648 1180 2727 οῦ
1197 2680 1277 2728 ποι-

180 2807 216 2847 ιο
224 2769 365 2871 ηθέντο,
391 2770 584 2869 όμοοῦσιον
601 2775 653 2878 τῷ
669 2773 790 2874 πατρί.
851 2773 910 2851 Δι’
935 2773 977 2852 οῦ
994 2771 1042 2853 τό
1057 2771 1178 2854 πάντα
1194 2775 1272 2878 ἐγέ-

225 2931 316 2996 νετο,
334 2894 418 2977 τα’τε
446 2899 485 2977 ε’ν
510 2902 563 3004 τῷ
590 2898 729 3004 οὐρανῷ
756 2900 816 2977 καὶ
842 2895 889 2976 τὰ
915 2899 955 2978 έν
981 2903 1026 3002 τῇ
1048 2904 1109 3003 γῇ·
1149 2899 1213 2980 τὸν
1231 2903 1273 2980 δι’

224 3023 318 3126 ἡμᾶς
345 3018 427 3107 τοῦς
455 3021 674 3127 ἀνθρώπους,
693 3025 753 3102 καὶ
780 3020 839 3102 διὰ
866 3021 933 3122 τὴν
957 3023 1129 3128 ἡμετέραν
1149 3059 1273 3128 σωτη-

223 3151 306 3254 ρίαν
338 3147 569 3249 κατελθόντα,
592 3152 652 3230 καὶ
680 3148 923 3253 σαρκωθέντα,
954 3152 1013 3230 καὶ
1043 3151 1272 3257 ε’νανθρωπή-

225 3307 355 3359 σαντα·
395 3276 570 3377 παθόντα,
603 3279 662 3357 καὶ
698 3273 907 3358 ἀναστάντα
938 3282 984 3381 τῇ
1015 3283 1117 3385 τριτῄ
1145 3279 1271 3388 ἡμέρᾳ·

181 3403 425 3498 ιςόνελθόντα
452 3411 500 3490 είς
527 3403 611 3490 τοῦς
637 3402 821 3510 οὐρόνους·
860 3407 919 3484 καὶ
945 3405 1059 3487 πάλιν
1085 3407 1277 3512 ἐρχόμενον

226 3534 342 3638 κρίναι
369 3530 502 3636 ζῦνντας
529 3535 588 3612 καὶ
615 3532 770 3636 νεκρούς.
832 3535 905 3611 Καὶ
927 3537 975 3616 εἰς
996 3530 1038 3614 τό
1067 3537 1217 3634 Πνεῦμα
1234 3533 1277 3615 τό

226 3659 342 3764 ἅγιον.
402 3659 498 3746 Τοῦς
524 3659 563 3742 δέ
586 3661 770 3764 λέγοντας·
811 3661 858 3760 ἤν
881 3693 969 3741 ποτε
987 3661 1045 3742 ίπε
1064 3663 1128 3742 οῦκ
1145 3659 1201 3763 ἦν,
1219 3666 1278 3742 καὶ

224 3790 311 3892 πρὶν
329 3791 542 3891 γεννηθῆναι
566 3789 630 3870 οῦκ
647 3787 703 3888 ἦν,
720 3791 779 3868 καὶ
800 3787 856 3870 ότι
873 3787 919 3896 ἐξ
940 3788 1005 3867 οὐκ
1026 3785 1140 3868 ὄντων
1157 3788 1274 3891 ε’γένε-

226 3949 284 4013 το,
305 3913 329 4016 ἢ
347 3913 392 4022 ἐξ
407 3913 529 4018 ἑτέρας
553 3913 831 4016 ῦιτοστόσεωςῆ
852 3915 978 4000 οὐσίας
997 3913 1206 4022 φάσκοντας
1224 3911 1273 3996 εί-

181 4080 219 4121 ιο
227 4077 296 4144 ναι,
314 4040 338 4143 ἢ
356 4041 521 4147 τρεπτόν,
538 4042 562 4142 ἢ
580 4040 783 4124 ἀλλοιωτὸν
799 4041 863 4123 τὸν
881 4041 958 4124 vib»
975 4051 1040 4125 τοῦ
1058 4049 1169 4142 θεοῦ,
1190 4043 1274 4124 τοῦ·

227 4203 310 4254 τους
338 4169 630 4273 όναθεματιζειὴ
668 4167 843 4271 καθολνιὴ
870 4172 929 4250 καὶ
960 4169 1188 4271 όποστολιλὴ
1215 4171 1273 4251 έκ-

228 4299 377 4399 κλησία.
438 4310 530 4392 Apud
555 4311 666 4373 conon.
695 4311 870 4372 chalcedon.
892 4313 961 4373 Aa.
976 4314 1008 4373 ii.
1036 4313 1107 4375 edit.
1130 4313 1276 4375 nardum.

227 4446 293 4506 pag.
306 4427 373 4486 286.
388 4426 458 4488 edit.
474 4427 574 4488 labbe
587 4439 618 4488 et
632 4429 760 4489 Οοοιαη.
775 4448 804 4508 p.
814 4446 884 4508 ³³9·
