3314 5190
302 487 352 552 IN
379 485 570 553 FIRMIL.
595 487 662 552 AD
686 489 718 552 S.
742 485 971 552 CYPRIAN.
995 487 1146 553 EPIST.
1185 489 1250 558 257

198 659 290 724 aaa
305 669 434 746 propter
455 659 584 724 aeneo
608 657 756 724 λοπονιιιι.
804 660 868 738 Quo
891 661 983 738 solvo,
1005 660 1092 724 εονοο
1108 681 1177 745 pao
1198 671 1246 724 est.

198 745 348 830 Alioquin
362 748 454 810 etiam
468 745 559 810 nias
572 745 629 829 jae
647 755 698 824 ost,
716 748 772 810 &a
818 745 899 810 Haee
914 746 1128 810 Tertullianus
1146 746 1178 809 in
1193 745 1247 809 lib.

198 831 235 892 do
249 831 408 917 Baptnmo
422 853 448 895 o.
464 851 512 912 17.
532 832 618 896 haud
637 832 729 896 finito
747 831 862 896 saeeulo
881 831 1021 896 eoelesiae
1041 832 1179 896 seeundo
1194 832 1248 894 do-

198 916 275 981 euit.
320 918 375 981 Ad
404 917 488 982 solos
511 940 587 982 vero
615 919 779 1018 episeopos
807 917 974 982 ordinandi
999 919 1053 1003 jus
1078 918 1247 1003 pertinere,

199 1002 358 1067 eonsentit
372 1025 444 1067 oum
459 1004 658 1089 Hieronymo
672 1025 819 1068 universa
833 1003 1016 1086 antiquitas.
1056 1004 1152 1068 Adde
1184 1003 1248 1067 uod

198 1087 283 1152 idem
305 1089 356 1153 hie
381 1089 594 1168 Firmilianus,
619 1090 673 1174 qui
696 1089 914 1174 episcoporum
937 1089 1080 1153 ordinem
1097 1027 1248 1174 proelsse

198 1195 303 1238 mam
317 1175 443 1239 nomine
457 1175 506 1240 his
526 1175 603 1240 loeis
617 1175 798 1260 appellavit,
814 1174 953 1260 singulos
972 1175 1145 1260 episeopos,
1162 1197 1247 1260 pres·

198 1259 336 1344 byteros,
353 1261 512 1339 diaconos,
527 1261 605 1326 olibi
619 1261 652 1324 in
666 1261 801 1346 epistola
815 1283 873 1324 sua
887 1260 989 1325 titulis
1009 1259 1074 1324 suis
1089 1261 1247 1325 distinxit.

199 1344 302 1408 Porro
317 1345 364 1410 ait
378 1346 461 1410 infra
477 1351 507 1432 ξ.
523 1365 571 1412 12.
591 1346 755 1432 episeopos
772 1346 971 1410 ordinatione
989 1345 1107 1410 vioaria
1124 1368 1246 1411 sueces-

199 1429 277 1495 sisse
292 1432 456 1516 apostolis.

243 1517 281 1581 Ρ.
306 1519 379 1602 236.
409 1517 429 1580 l.
454 1537 503 1600 29.
534 1538 592 1580 nee
616 1517 803 1602 spiritaliter

198 1608 334 1752 praeBstopip
352 1613 407 1703 out
427 1625 487 1689 pro
508 1602 787 1753 mipfilmfflus
806 1540 883 1668 iliud
896 1603 997 1752 (lillSto
1020 1603 1102 1668 Novi
1117 1603 1246 1688 Collegii

197 1710 237 1752 ao
335 1711 446 1764 erauo;
492 1709 547 1752 um
623 1709 643 1752 ο
761 1707 895 1753 revoean
918 1711 980 1752 um.

244 1775 327 1839 Ibid.
343 1775 363 1838 l.
373 1794 426 1860 31·
448 1711 493 1838 iril
504 1773 628 1860 leonio]
651 1773 822 1860 Dionysius
841 1775 1077 1839 Alexandrinus
1097 1776 1157 1838 hoe
1179 1773 1247 1838 leo-

198 1860 306 1924 niense
317 1861 413 1946 idque
424 1861 457 1924 in
467 1859 618 1946 Synnada
627 1859 792 1925 oonoilium
804 1861 946 1925 sanxisse
956 1882 1066 1925 rursus
1076 1861 1247 1946 tingendos

198 1967 268 2010 esse
282 1946 460 2024 haeretieos‚
473 1947 505 2009 in
519 1945 619 2010 tertie
633 1945 769 2031 epistola
784 1946 827 2010 ad
837 1945 1054 2011 Philemonem
1067 1947 1246 2010 Romanum

198 2039 434 2097 eommemorat.
479 2032 591 2096 Verba
616 2032 683 2117 ejus
706 2032 791 2116 apud
816 2032 990 2096 Eusebium
1014 2033 1057 2096 H.
1073 2034 1113 2096 Ε.
1138 2032 1190 2096 vii.
1217 2049 1244 2114 7.

198 2117 267 2182 haeo
278 2124 371 2182 sunt:
395 2120 564 2197 Μεμάθηκο
580 2119 627 2181 nol
641 2119 784 2181 τοῦτοὸτι
798 2118 838 2198 μὴ
854 2123 907 2182 νῦν
922 2121 950 2181 ol
966 2115 1138 2201 ἔν’λφρικῇ
1152 2121 1247 2199 μόνον

199 2207 286 2266 ποῦπο
301 2203 536 2286 παρεισήγαγον,
552 2205 635 2267 ἀλλὰ
650 2204 698 2266 καὶ
716 2203 774 2285 πρὸ
789 2207 907 2268 πολλοῦ
921 2207 996 2266 κατὰ
1009 2205 1077 2270 τοὺς
1094 2204 1151 2286 πρὸ
1165 2205 1247 2284 ἡμῶν

200 2289 377 2356 ἐπισκόπους
386 2292 419 2354 ἐν
429 2295 494 2356 τοῖς
502 2287 821 2370 πολυανθρωποτάτοις
829 2291 999 2368 ἐκκλησίαις
1008 2291 1248 2357 naturamve-

199 2377 261 2440 dors
279 2380 338 2438 τῶν
355 2377 505 2458 ἀδελφῶν,
522 2377 557 2439 ἓν
571 2375 685 2459 Ἰκονίῳ
704 2376 753 2439 καὶ
773 2373 935 2442 Συννάδοις
952 2376 1000 2438 nol
1020 2378 1102 2457 παρὰ
1120 2381 1247 2442 πολλοῖς

198 2463 285 2523 rosim
306 2458 418 2539 ἔδοξεν,
445 2463 488 2524 ὧν
511 2463 568 2524 διο.
612 2461 710 2545 Apud
738 2459 883 2525 Iconium
908 2466 1016 2525 autem
1042 2460 1180 2525 maxime
1204 2461 1246 2526 ob

201 2544 475 2611 Montauistarnm
488 2546 683 2632 baptismum
697 2552 819 2611 motam
833 2567 902 2611 esse
917 2546 1124 2630 quaestionem
1139 2547 1244 2623 istam,

199 2638 327 2697 eomtat
341 2653 381 2696 ex
398 2631 575 2698 Firmilieni
589 2631 694 2696 verbis
708 2632 790 2696 inira
804 2631 837 2694 in
852 2653 921 2716 oap.
935 2652 981 2718 ¹3·

243 2716 280 2781 P.
295 2735 368 2818 237.
384 2717 404 2782 l.
417 2719 466 2782 18.
488 2718 716 2803 quibus'uuno]
744 2715 904 2803 dequibus
921 2740 1010 2782 nuno.
1055 2718 1129 2782 Prae
1173 2717 1246 2782 sitio

199 2801 290 2868 deest
318 2825 352 2867 m
380 2804 526 2868 omnibus
552 2802 784 2888 exemplaribus
812 2803 952 2888 antiquis
983 2811 1017 2868 et
1046 2805 1079 2868 in
1149 2803 1247 2868 itione

201 2887 399 2953 Morelliana.
444 2889 537 2954 illam
562 2888 723 2953 Pamelius
746 2888 866 2973 adjeoit
888 2910 928 2952 ex
954 2890 1145 2974 conjectura,
1173 2890 1248 2974 quin

200 2973 405 3040 existimabat
424 2997 552 3040 sensum
573 2975 631 3039 abs
653 2996 694 3038 ue
712 2995 751 3038 ea
770 2996 834 3038 nou
853 2995 946 3059 posse
966 2981 1120 3039 eonstare.
1143 2974 1247 3039 Banu-

200 3061 346 3211 πιυῧὲἑιί
382 2997 780 3230 Ἔγροοῇῐίοπξὲιὶιῌοίοπῶ
800 3059 860 3158 Ait
880 3059 1074 3159 Prudentius
1091 3061 1246 3228 Mpranus

199 3167 232 3208 ιιι
282 3169 292 3210 ι
376 3197 382 3211 .
465 3167 546 3211 nam
633 3167 697 3210 rom
781 3167 901 3209 ummrae
944 3166 1095 3223 reamissa,
1140 3168 1246 3210 ,xxxa

198 3251 230 3315 p.
246 3231 347 3296 exuli.
372 3169 478 3298 “Nili
497 3233 526 3296 si
547 3233 594 3296 lis
616 3231 762 3317 episoma
786 3229 893 3316 quitto
913 3167 995 3294 riano
1005 3231 1079 3314 suit
1101 3231 1245 3306 Paulus,-

201 3323 221 3351 ‘⁶
235 3315 403 3403 legendum
416 3318 542 3419 putavit
556 3317 717 3382 Pamelius
727 3315 880 3402 dequibus
893 3338 982 3390 οινιιο,
995 3317 1051 3381 sed
1062 3317 1249 3384 manifestus

202 3408 222 3438 “
236 3409 287 3468 est
305 3402 528 3482 Hollemsmue,
549 3405 662 3470 τούτοις
681 3411 745 3471 τοῖς
760 3404 933 3470 ἐπισκόποις
949 3408 1010 3470 τοῖς
1030 3408 1093 3477 νῦν,
1114 3402 1164 3468 his
1183 3403 1247 3488 epi-

849 1516 952 1602 erere]
984 1517 1072 1582 Edit.
1101 1518 1247 1602 prinoeps

201 3497 222 3522 ‘⁶
238 3509 292 3552 seo
314 3488 342 3552 is
354 3511 438 3553 nune
452 3489 707 3554 exsistentibus.”
750 3488 833 3554 Haee
850 3487 911 3568 ills,
927 3511 999 3574 quaa
1014 3489 1141 3574 quidem
1160 3489 1247 3553 haud

199 3509 380 3659 prohilent,
407 3595 448 3640 ne
473 3575 610 3640 seutiam
632 3576 849 3661 reponendum
874 3597 943 3640 esse
1009 3575 1022 3638 i
1053 3581 1128 3641 sunt
1156 3596 1246 3652 ιιιιιιο,

199 3681 259 3744 pro
274 3659 336 3724 isto
350 3659 456 3760 paidos
468 3682 557 3740 ιιιιπο,
573 3683 645 3726 oum
664 3661 749 3727 absit
785 3662 947 3746 raepositio
1016 3667 1093 3726 ente
1106 3659 1214 3746 quidne
1227 3682 1249 3725 a

201 3745 292 3810 eodd.
308 3747 444 3832 seriptis,
460 3748 545 3832 quod
560 3747 667 3822 seiam,
684 3683 840 3812 omullus.

245 3831 286 3895 P.
303 3845 376 3916 237.
403 3831 423 3896 l.
437 3852 492 3918 30.
515 3839 551 3899 ut
577 3833 632 3917 qui
660 3841 710 3897 est
735 3832 769 3896 in
794 3831 926 3897 eoelesia
950 3831 1110 3916 perlaetus
1139 3841 1173 3896 et
1199 3853 1248 3896 sa-

69 3971 77 3982 .
201 3916 301 4003 piens,
317 3918 377 3982 hoo
391 3926 449 3983 eut
464 3918 623 3996 desendet,
639 3925 697 3982 aut
712 3919 822 3982 eredat
853 3920 900 3981 At
916 3918 984 4003 qais
998 3919 1033 3981 ιἰι
1047 3917 1167 3982 κολεοῖο
1175 3939 1248 4002 por-

193 4004 296 4087 seotue
325 4013 353 4067 et
382 4005 510 4090 sopiens,
542 4005 596 4090 qai
618 4004 671 4068 loo
694 4013 748 4067 nat
772 4003 923 4080 desudet,
953 4013 1009 4066 ont
1036 4003 1149 4068 nodat
1196 4001 1250 4066 lta

201 4088 382 4154 emendavit
404 4089 564 4154 Pamelius
586 4111 626 4153 ex
650 4089 732 4153 libro
758 4087 899 4153 Oauohii.
944 4087 1028 4152 Nam
1051 4088 1084 4150 in
1109 4086 1249 4153 editione

203 4173 402 4249 Merelliana,
422 4196 494 4260 quae
512 4175 616 4260 prima
634 4182 693 4254 est,
708 4173 833 4259 legitur,
847 4173 977 4258 persenti
995 4181 1073 4250 οιιπι,
1089 4181 1123 4236 ut
1136 4174 1191 4258 qni
1209 4181 1249 4238 aa

200 4261 235 4324 ιἰι
249 4259 379 4338 oasa,
464 4271 544 4325 οοιιις
556 4271 583 4325 οι
595 4262 725 4347 sopiens.
762 4259 829 4323 Ηοο
841 4267 940 4322 oetan
953 4258 1097 4342 Mandat
1109 4267 1136 4323 et
1146 4259 1250 4324 eredat

202 4348 258 4410 &a
299 4344 339 4408 In
352 4352 396 4411 tn
419 4369 457 4412 us
470 4346 612 4432 antiquis
625 4345 786 4411 oodioibns
799 4344 953 4430 seriptum
968 4351 1018 4409 est
1026 4346 1157 4431 persenti
1170 4355 1249 4422 snm,

200 4441 234 4496 ul
247 4431 302 4517 qai
315 4439 356 4496 st
370 4433 405 4496 ia
421 4431 546 4498 ιοοίοιίο
559 4433 713 4518 possetne
726 4441 754 4496 et
767 4431 889 4518 sopiens
907 4430 960 4496 too
978 4441 1079 4497 anton
1097 4431 1251 4518 defendat.

709 4517 759 4580 ul
