3294 5192
285 493 502 559 CONCILII
529 494 972 561 CONSTANTINOPOL.
998 496 1126 562 UNIV.
1171 498 1237 566 898

185 667 244 743 καὶ
270 665 430 770 ταραχὰς
457 672 530 744 τῶν
557 664 806 769 εἱρηνευόντων
833 674 934 748 λαῶν
963 668 1235 772 κατασκευάζειν

184 793 451 897 ἐπιχειροῦντες·
480 791 607 875 τούτου
634 794 749 875 ἕνεκεν
772 795 881 898 ἤρεσε
910 801 956 900 τῇ
985 795 1070 904 ἁγίᾳ
1091 797 1234 905 συνόδῳ

184 926 257 999 τῶν
288 922 326 1000 ἐν
361 918 743 1001 Κωνσταντινουπόλει
774 921 1054 1025 συνδραμόντων
1083 925 1233 1005 ἐττισκό-

184 1081 274 1145 πων,
302 1045 352 1147 μὴ
380 1045 624 1153 ἀνεξετάστως
650 1049 869 1150 προσίεσθαι
896 1047 979 1133 τοὺς
1005 1049 1234 1155 κατηγόρους,

157 1174 273 1274 5μηδέ
290 1182 405 1255 πᾶσιν
422 1176 620 1278 ἐπιτρεπειν
637 1175 702 1260 τὰς
720 1179 934 1281 κατηγορίας
951 1185 1131 1259 ποιεῖσθαι
1144 1181 1236 1262 κατὰ

184 1307 257 1382 τῶν
285 1301 562 1400 οἲκονομοόντων
579 1301 644 1387 τὰς
668 1305 873 1404 ἐκκλησίας,
892 1304 981 1404 μηδὲ
1004 1304 1076 1405 μὴν
1097 1304 1236 1392 πάντας

183 1427 397 1507 ἀποκλείειν.
418 1429 503 1506 ἀλλ’
523 1434 553 1508 εἰ
570 1429 635 1526 μέν
653 1462 705 1513 τις
724 1433 854 1512 οἰκείαν
872 1429 952 1510 τινὰ
968 1431 1119 1538 μέμψιν,
1137 1435 1231 1513 τοῦτ’

184 1552 295 1650 ἐστιν,
314 1553 501 1654 ἰδιωτικὴν,
520 1555 765 1664 ἐπαγάγοιτῷ
783 1558 982 1666 ἐπισκόπῳ,
1001 1562 1049 1643 ὡς
1066 1570 1235 1640 πλεονεκ-

183 1679 351 1781 τηθεὶς,ἢ
376 1681 473 1761 άλλό
499 1716 534 1760 τι
562 1683 663 1785 παρὰ
684 1683 728 1763 τό
755 1685 890 1764 δίκαιον
916 1688 1000 1789 παρ’
1030 1688 1139 1766 αὐτοῦ
1165 1721 1231 1766 πε·

140 1807 336 1892 ιοπονθοίς·
378 1810 536 1889 ἐπὶτῶν
565 1808 733 1890 τοιούτων
765 1819 988 1915 κατηγοριῶν
1023 1810 1074 1912 μὴ
1107 1810 1230 1919 ἐξετά-

184 1931 317 2034 ζεσθαι,
334 1933 424 2035 μήτε
437 1932 636 2039 πρόσωπον
649 1945 713 2017 τοῦ
727 1936 939 2042 κατηγόρου,
957 1939 1046 2038 μήτε
1060 1937 1126 2038 τὴν
1143 1944 1231 2042 θρη-

184 2062 319 2143 σκείαν.
348 2061 418 2166 χρὴ
444 2061 518 2166 γὰρ
543 2067 651 2144 παντὶ
680 2063 814 2174 τρόπῳ,
840 2063 882 2145 τό
911 2099 951 2146 τε
977 2068 1138 2150 συνειδὸς
1170 2075 1234 2146 τοῦ

182 2187 384 2271 ἐπισκόπου
410 2191 594 2294 ἐλεύθερον
626 2188 722 2287 εἶναι,
754 2195 813 2270 καὶ
846 2189 911 2270 τὸν
939 2194 1136 2273 ἀδικεῖσθαι
1167 2194 1230 2272 λε’·

185 2350 309 2417 γοντα,
327 2319 403 2403 σίας
430 2316 475 2398 ἂν
500 2315 524 2424 ᾗ
551 2321 744 2424 θρησκείας
767 2326 841 2398 τῶν
864 2322 1009 2399 δικαίων
1030 2317 1232 2425 τυγχάνειν.

140 2479 152 2520 ι
159 2448 215 2538 sei
242 2442 281 2522 δέ
308 2445 609 2546 ἐκκλησιαστικὸν
636 2445 688 2548 εἴη
716 2443 760 2525 τὸ
791 2443 1050 2554 ἐπιφερόμενον
1070 2444 1237 2548 ἔγκλημα

183 2577 236 2678 τῷ
262 2573 458 2682 ἐπισκόπιρ,
486 2571 567 2653 τότε
594 2571 848 2675 δοκιμάζεσθαι
876 2573 946 2681 χρὴ
977 2581 1050 2654 τῶν
1082 2607 1235 2678 κατηγο-

182 2699 340 2800 ρούντων
377 2697 425 2778 τὰ
455 2699 649 2804 πρόσωπα·
687 2701 746 2782 ἵνα
776 2706 922 2803 πρῶτον
952 2699 1018 2799 μὲν
1051 2706 1235 2804 αἱρετικοῖς

183 2823 234 2925 μὴ
258 2826 323 2932 ἐξῇ
350 2829 562 2931 κατηγορίας
580 2825 673 2906 κατὰ
699 2835 772 2908 τῶν
795 2826 1002 2935 ὀρθσδόξων
1026 2825 1234 2909 ἐπισκόπων

184 2950 273 3055 ὑπὲρ
296 2954 605 3052 ἐκκλησιαστικῶν
629 2951 853 3056 πραγμάτων
874 2958 1067 3034 ποιεῖσθαι.
1099 2958 1230 3056 αἱρετι-

140 3077 266 3162 ιοκσύς
285 3077 323 3157 δέ
345 3078 508 3179 λέγομεν,
525 3078 608 3163 τούς
631 3112 671 3159 τε
694 3076 810 3159 πάλαι
831 3083 893 3179 τῆς
917 3080 1113 3178 ἐκκλησίας
1137 3082 1229 3160 ἀπο·

185 3331 256 3390 ροοο
270 3309 438 3388 degentium
454 3310 628 3389 populorum
643 3323 691 3370 tu.
731 3329 893 3390 personam,
908 3329 962 3368 nec
979 3310 1149 3389 religionem
1165 3331 1234 3369 exe-

185 3390 298 3450 multue
318 3392 462 3449 concitare
480 3403 633 3450 conantes:
656 3412 690 3451 ee
731 3391 844 3450 minari.
874 3389 1001 3469 Oportet
1014 3392 1092 3450 enim
1107 3392 1235 3470 ορὶοοορὶ

185 3471 222 3530 de
236 3491 322 3530 eausa
336 3469 447 3549 placuit
460 3483 565 3530 sancta}
579 3473 690 3552 synodo
731 3471 935 3530 conscientiam
946 3491 1009 3530 eeee
1022 3471 1157 3530 omnibus
1171 3491 1233 3529 mo·

185 3553 396 3630 episcoporum,
430 3553 480 3630 qui
521 3552 690 3612 Constanti.
730 3551 776 3610 die
789 3545 919 3616 liberem.
935 3563 965 3611 et
979 3551 1108 3628 eumqui
1122 3552 1233 3611 eibiin·

185 3631 285 3711 nopoli
312 3643 519 3698 convenerunt,
547 3652 600 3692 nec
628 3633 690 3691 eine
727 3631 835 3708 jurium
850 3631 955 3689 factam
970 3631 1233 3709 essedicitmujue-

185 3713 317 3771 examine
354 3711 507 3771 admittere
541 3723 689 3771 accusato.
731 3731 855 3789 cumque
869 3711 1072 3790 eitreligionie.
1084 3711 1135 3789 jue
1148 3732 1234 3770 nuum

185 3813 250 3862 res;
276 3813 329 3850 nec
352 3793 496 3858 omnibus,
518 3813 616 3851 eorum
638 3793 689 3870 qui
730 3791 871 3851 obtinere.
909 3791 941 3850 Si
956 3803 1053 3850 autem
1073 3793 1111 3850 eit
1125 3793 1235 3851 crimen

185 3873 320 3932 eeclesias
340 3871 553 3940 administrant,
574 3891 688 3931 eoeuee·
730 3871 967 3938 eccleeieeticum,
996 3871 1075 3950 quod
1099 3873 1235 3952 episcopo

185 3953 280 4010 tiones
299 3953 487 4030 permittere;
516 3973 570 4012 nee
589 3973 690 4011 ornnes
730 3952 911 4018 intenditur;
941 3963 1012 4011 tunc
1026 3953 1185 4010 examinari
1202 3974 1235 4012 o-

185 4032 349 4092 exeludere.
392 4033 451 4090 Sed
479 4035 501 4092 ei
530 4035 596 4110 quis
623 4053 690 4112 pro-
731 4043 829 4112 portet
852 4053 989 4111 personae
1016 4043 1233 4092 accusatorum:

186 4113 278 4192 priam
289 4113 406 4190 quidem
421 4113 577 4190 querelem,
590 4112 619 4172 id
636 4123 689 4180 eet,
731 4123 765 4170 ut
788 4113 914 4191 primum
943 4112 1061 4191 quidem
1092 4113 1236 4172 haereticis

185 4194 338 4272 privatam,
373 4193 506 4252 intendet
544 4193 688 4272 episeopo,
732 4213 789 4250 non
815 4192 900 4251 liceat
924 4193 1102 4252 orthodoxos
1123 4194 1234 4272 epieco-

186 4285 221 4332 ut
235 4293 399 4353 oppressus,
414 4271 460 4330 vei
474 4274 580 4351 injurie
593 4273 691 4350 alique
731 4291 784 4352 poe
804 4273 841 4331 de
860 4273 948 4332 rebus
969 4273 1170 4334 ecclesiasticis
1187 4293 1235 4332 ας.

185 4355 307 4433 abipso
327 4353 465 4412 effatus:
495 4356 525 4412 in
547 4353 689 4430 ejusmodi
732 4371 841 4412 cume.
879 4353 1042 4414 Haeretieoe
1055 4353 1236 4414 autemdici-

186 4434 417 4494 aecueationibue
440 4454 493 4494 nec
517 4434 691 4496 accusatoris
732 4452 806 4500 mue.
830 4435 935 4512 etqui
960 4433 1030 4494 olim
1054 4435 1091 4494 ab
1116 4435 1238 4494 ecclesie

775 4540 851 4606 SE
