3310 5224
619 448 868 524 onorom.
1226 448 1264 520 xi
1420 539 1421 542 Ὺ

215 653 362 738 saltem
390 664 567 750 auctam,
586 651 674 749 tibi,
700 649 863 748 Lector,
881 649 926 732 in
954 673 1103 729 manus
1128 645 1260 729 trado.

216 796 389 880 Etenim
427 793 674 905 Synodicam
716 792 860 875 addidi
894 793 933 874 S.
953 788 1101 899 cyrilli
1136 787 1263 872 Alex-

216 940 383 1024 andrini
432 939 487 1020 acl
529 935 772 1020 Nestorium
816 932 1061 1047 Epistulam,
1105 936 1261 1046 quippe

216 1112 321 1195 quae,
340 1111 426 1166 una
445 1110 541 1166 cum
560 1082 796 1165 Duodecim
816 1080 898 1165 illis
916 1080 1133 1191 Capitulis,
1147 1082 1260 1192 apud

215 1226 421 1311 Generale
439 1225 675 1310 Concilium
694 1226 852 1338 Ephesi
875 1224 1001 1336 paulo
1026 1237 1120 1336 post
1145 1225 1261 1308 habi-

216 1382 308 1452 tum
323 1384 488 1484 recepta
499 1383 585 1468 est3
606 1398 806 1482 quaevero
819 1371 863 1453 in
876 1369 1096 1453 Canonum
1107 1367 1261 1453 Codice

216 1512 400 1598 ecclesiae
411 1513 615 1600 Romonae
626 1515 725 1598 huic
736 1512 994 1626 ipsiconcilio
1005 1513 1261 1596 attribuitur.

217 1657 332 1750 Quid
353 1661 468 1769 quod
486 1659 772 1771 Appendicem
791 1688 959 1771 quoque
980 1660 1145 1745 duobus
1163 1657 1262 1741 auxi

216 1806 450 1915 opusculis?
474 1803 585 1888 Nam
599 1819 752 1917 praeter
766 1806 943 1918 positam
957 1805 1002 1887 in
1020 1831 1069 1888 ea
1085 1802 1114 1885 J
1117 1805 1262 1887 oannis

216 1947 481 2049 Antiocheni,
499 1950 809 2062 praesulumque
831 1948 1121 2048 Orientalium,
1142 1948 1261 2032 Fidei

216 2093 526 2178 confessionem
560 2096 791 2180 abeodem
825 2095 864 2176 S.
885 2093 1043 2206 Cyrillo
1076 2121 1263 2205 compro-

216 2240 382 2334 batam;
431 2267 555 2337 nunc,
594 2269 690 2350 quae
728 2251 934 2351 postrema
977 2251 1040 2322 est
1081 2238 1262 2323 ecclesiae

217 2384 421 2466 universae
449 2383 502 2467 de
529 2411 705 2494 persona
723 2396 768 2466 et
795 2383 1077 2467 incarnatione
1106 2382 1261 2466 Christi

216 2527 417 2628 definitio,
445 2527 685 2612 Formulam
715 2529 835 2612 Fidei
868 2527 1066 2640 subjunxi
1098 2555 1124 2610 a
1153 2525 1263 2608 Con-

216 2671 312 2756 cilio
357 2674 482 2758 Sexto
530 2673 726 2756 Generali
770 2686 914 2756 contra
960 2671 1263 2754 Monothelitas

217 2817 386 2901 editam.
446 2817 572 2907 Quod
597 2817 631 2900 si
660 2816 758 2900 addi
784 2817 864 2899 ista
881 2815 1102 2912 debuisset
1121 2825 1261 2897 tamen

218 2987 382 3044 necesse
414 2989 678 3072 nequaquam
715 2961 799 3044 fuit
831 2959 1044 3044 catholicae
1076 2958 1263 3044 veritatis

218 3105 339 3188 causi
360 3105 479 3190 Fidei
495 3107 679 3218 proferre
697 3103 935 3189 Formulam
957 3104 1107 3196 Quinti
1127 3105 1263 3187 Gene-

218 3249 338 3346 ralis3
373 3250 529 3360 quippe
557 3263 724 3333 tantum
754 3277 839 3333 non
868 3275 1033 3332 omnem
1061 3261 1264 3332 versatam

220 3394 263 3477 in
286 3394 631 3477 condemnatione
658 3393 724 3477 vel
748 3395 991 3504 dogmatum
1019 3394 1072 3474 ab
1096 3389 1264 3476 ecclesia

214 3541 302 3650 jam
335 3540 670 3650 proscriptorum,
702 3536 769 3621 vel
801 3538 971 3621 demum
1005 3533 1264 3646 singulorum

219 3679 449 3781 hominum,
476 3709 546 3765 seu
578 3680 847 3781 Nestorianis,
875 3709 948 3764 seu
978 3677 1264 3789 Eutychianis,

220 3826 426 3910 erroribus
471 3825 736 3937 aliquatenus
780 3826 1025 3910 faventium.
1103 3823 1265 3906 Iterum

219 3968 321 4070 vale,
339 3970 397 4053 mi
417 3968 580 4053 Lector.
