3314 5190
436 491 502 554 320
813 487 846 550 S.
871 483 1109 552 CYPRIANI

437 663 523 733 dum
558 663 637 754 quis
666 681 731 732 suo
765 683 837 731 non
872 668 991 754 potest
1024 683 1101 731 esse
1133 659 1333 741 contentus,
1362 659 1486 729 videns

436 777 589 849 alterum
612 777 786 847 ditiorem.
837 773 1085 847 Ambitionem
1111 775 1209 846 aelus
1234 777 1378 859 excitat,
1400 777 1487 845 dum

436 894 550 964 cernit
573 893 651 984 quis
676 891 783 963 ulium
810 894 848 962 in
871 893 1063 962 honoribus
1086 891 1259 962 altiorem.
1311 891 1400 961 Zelo
1424 913 1487 960 ex-

436 1017 596 1082 coecante
631 1029 752 1080 sensus
789 1016 927 1080 nostros
964 1017 1072 1100 atque
1108 1010 1145 1076 in
1180 1009 1350 1078 ditionem
1385 1029 1486 1077 suam

435 1128 567 1199 mentis
584 1148 710 1196 arcana
726 1127 919 1218 redigente,
939 1124 1007 1194 Dei
1026 1124 1133 1192 timor
1156 1124 1341 1215 spernitur,
1358 1123 1487 1216 magis-
1496 1147 1516 1206 5

436 1242 567 1312 terium
602 1239 734 1310 Christi
768 1239 970 1333 negligitur,
999 1239 1126 1330 judicii
1157 1238 1231 1308 dies
1265 1261 1337 1307 non
1370 1237 1486 1329 provi-

435 1358 550 1428 detur.
603 1355 710 1426 Inflat
744 1356 915 1448 superbia,
946 1354 1135 1425 exacerbat
1168 1354 1310 1436 saevitia,
1339 1352 1486 1445 perfidia

435 1472 691 1564 praevaricatur,
726 1472 950 1564 impatientia
984 1471 1153 1552 concutit,
1187 1469 1274 1538 furit
1303 1468 1484 1550 discordia,

436 1587 488 1657 ira
504 1587 689 1671 fervescit;
718 1609 785 1657 nec
808 1609 846 1658 se
862 1589 939 1680 jam
956 1593 1076 1680 potest
1099 1585 1264 1655 cohibere
1286 1583 1343 1654 vel
1364 1606 1485 1678 regere

436 1705 497 1796 qui
523 1704 637 1774 factus
667 1713 722 1774 est
750 1706 939 1797 potcstatis
969 1701 1105 1773 alienae.
1157 1699 1254 1771 Hinc
1285 1699 1485 1771 Dominicae
1498 1731 1534 1772 ιο

435 1821 532 1913 pacis
557 1819 739 1891 vinculum
764 1820 950 1912 rumpitur,
975 1817 1058 1887 hinc
1084 1818 1210 1887 caritas
1233 1816 1387 1886 fraterna
1412 1817 1486 1886 vio-

436 1937 539 2020 latur,
562 1937 646 2007 hinc
671 1935 892 2008 adulteratur
918 1935 1056 2016 veritas,
1082 1935 1199 2003 unitas
1229 1933 1409 2015 scinditur,
1439 1933 1485 2002 ad

437 2054 586 2124 haereses
609 2056 717 2145 atque
739 2053 784 2122 ad
809 2051 999 2122 schismata
1023 2048 1211 2142 prosilitur,
1235 2050 1321 2118 dnm
1347 2050 1486 2119 obtrec-

437 2175 535 2239 tatur
552 2169 800 2250 sacerdotibus,
815 2169 899 2238 dum
915 2166 1086 2258 episcopis
1102 2165 1291 2248 invidetur,
1305 2165 1390 2234 dum
1407 2166 1484 2256 quis

438 2292 501 2354 aut
518 2286 677 2374 queritur
692 2307 764 2353 non
782 2305 820 2352 se
836 2283 954 2374 potius
972 2282 1181 2362 ordinatum,
1199 2287 1262 2349 aut
1275 2280 1486 2373 dedignatur
1496 2303 1530 2364 15

439 2399 590 2469 alterum
626 2399 717 2468 ferre
747 2399 986 2490 praepositum.
1038 2396 1135 2466 Hinc
1164 2394 1372 2479 recalcitrat,
1401 2396 1483 2467 hinc

439 2512 588 2583 rebellat
611 2515 655 2583 de
676 2513 753 2582 zelo
774 2512 954 2604 superbus,
975 2514 1020 2584 de
1041 2513 1269 2583 aemulatione
1291 2535 1484 2604 perversus,

439 2631 664 2700 animositate
704 2638 741 2699 et
781 2627 891 2698 livore
924 2650 996 2698 non
1035 2629 1197 2712 hominis,
1238 2629 1300 2698 sed
1333 2627 1484 2712 honoris,

438 2745 612 2816 inimicus.

491 2859 560 2933 IV.
591 2858 714 2944 Qualis
743 2883 826 2930 vero
857 2868 912 2931 est
945 2861 1074 2933 animae
1105 2862 1210 2943 tinea,
1245 2883 1322 2952 quae
1351 2862 1533 2954 cogitato

439 2976 577 3046 tionum
594 2975 704 3056 tabes,
722 2977 874 3066 pectoris
891 2984 1023 3067 quanta
1039 2977 1174 3070 rubigo,
1187 2974 1303 3047 zelare
1318 2977 1356 3044 in
1372 2973 1483 3044 altero

439 3091 496 3162 vel
513 3093 682 3162 virtutem
700 3091 775 3182 ejus
798 3091 855 3164 vel
877 3091 1094 3175 felicitatem,
1111 3092 1149 3161 id
1169 3101 1234 3176 est,
1251 3091 1366 3163 odisse
1382 3090 1420 3160 in
1439 3112 1483 3160 eo

439 3205 496 3277 vel
522 3208 650 3277 merita
673 3207 813 3299 propria
842 3206 899 3277 vel
928 3207 1100 3278 beneficia
1127 3207 1254 3291 divina,
1284 3208 1321 3276 in
1349 3205 1482 3276 malum

438 3324 618 3415 proprium
640 3323 733 3392 bona
757 3321 872 3392 aliena
895 3330 1109 3406 convertere,
1130 3322 1321 3394 illustrium
1342 3345 1484 3415 prospe·

439 3439 544 3508 ritate
561 3439 727 3530 torqueri,
744 3435 894 3507 aliorum
914 3436 1062 3529 gloriam
1080 3438 1195 3509 iacere
1215 3461 1315 3510 suam
1332 3460 1530 3532 presumas

438 3560 477 3622 et
501 3553 601 3624 velut
626 3551 797 3644 quosdam
821 3554 956 3644 pectori
983 3573 1047 3624 suo
1076 3554 1264 3625 admovere
1294 3554 1482 3636 carnifices,

388 3659 389 3662 ’
437 3669 711 3763 cogitationibus
744 3676 782 3737 et
815 3667 974 3738 sensibus
1009 3671 1081 3740 suis
1116 3669 1285 3740 adhibere
1320 3677 1482 3749 tortores,

438 3786 499 3876 qui
536 3805 574 3854 se
608 3783 784 3853 intestinis
821 3783 1035 3854 cruciatibus
1072 3783 1238 3869 lacerent,
1274 3785 1335 3878 qni
1368 3783 1483 3854 cordis

438 3906 574 3970 secreta
607 3896 859 3968 malivolentiae
893 3898 1034 3991 ungulis
1062 3899 1215 3992 pulsent.
1267 3899 1353 3970 Non
1382 3899 1483 3970 cibus

436 4013 567 4086 talibus
582 4013 698 4098 laetus,
715 4035 788 4082 non
804 4020 908 4106 potus
928 4020 1046 4104 potest
1063 4035 1139 4084 esse
1155 4014 1346 4107 jucundus.
1398 4013 1535 4090 Sus-so

436 4131 573 4224 piratur
588 4151 727 4223 semper
747 4137 786 4200 et
806 4129 1050 4222 ingemiscitur
1071 4138 1109 4200 et
1131 4129 1292 4214 doletur;
1325 4130 1484 4223 dumque

437 4246 484 4316 ab
505 4246 633 4318 invidis
652 4269 833 4338 nunquam
853 4246 944 4318 livor
964 4245 1162 4338 exponitur,
1183 4245 1308 4316 diebus
1333 4269 1374 4315 ac
1398 4269 1485 4316 noc·

438 4359 535 4432 tibus
562 4369 687 4453 pectus
716 4362 897 4433 obsessum
926 4363 1001 4433 sine
1030 4361 1290 4433 intermissione
1317 4360 1482 4433 laniatur.
1560 4345 1562 4348 ⁵
