3314 5190
496 475 561 538 DE
586 474 958 540 MORTALITATE.
1191 476 1257 543 287

204 657 375 744 cognatos
398 651 456 743 pie
479 649 638 744 diligant,
656 673 702 721 an
725 651 959 722 misereantur
981 671 1162 720 servorum
1185 649 1260 720 lan-

203 765 391 860 guentium
418 765 563 850 domini,
590 789 636 836 nn
666 767 896 860 deprecantes
910 773 1035 860 'aegros
1060 787 1134 836 non
1161 765 1262 836 dese-

204 890 285 952 rant
297 882 437 964 medici,
456 905 502 952 an
519 883 654 953 feroces
672 883 877 954 violentiam
895 905 995 954 suam
1013 882 1260 976 comprimant,

204 1021 250 1069 an
290 1021 435 1091 rapaces
473 1000 631 1070 avarities
667 999 818 1069 furentis
846 997 1082 1070 insatiabilem
1122 1021 1262 1090 semper

176 1115 365 1190 surdorem
396 1114 453 1185 vel
483 1123 585 1186 metu
612 1116 736 1186 mortis
763 1114 985 1207 extinguunt,
1014 1137 1060 1186 an
1085 1115 1261 1185 cervicem

205 1230 352 1302 flectant
382 1232 535 1324 superbi,
565 1254 611 1302 an
645 1232 829 1303 audaciam
859 1229 994 1300 leniant
1023 1231 1185 1323 improbi,
1216 1255 1262 1302 un

206 1346 438 1438 pereuntibus
455 1348 554 1429 caris,
572 1345 630 1418 vel
651 1347 702 1418 sic
725 1345 858 1439 aliquid
876 1347 1004 1417 divites
1020 1347 1263 1440 indigentibus

206 1461 403 1555 largiantur
424 1471 462 1532 et
483 1464 617 1533 donent
639 1464 715 1534 sine
736 1463 868 1534 beredo
889 1461 1071 1534 morituri!
1098 1461 1153 1533 Ut
1174 1461 1261 1532 nibil

207 1577 304 1648 aliud
334 1577 531 1650 mortalitas
558 1579 627 1650 ista
656 1577 860 1661 contulerit,
887 1577 955 1650 boc
985 1577 1194 1650 Christianis
1224 1587 1264 1650 et

162 1725 198 1763 ιο
209 1693 279 1764 Dei
292 1695 401 1764 servis
418 1693 611 1787 plurimum
629 1695 805 1787 praestitit,
820 1696 915 1786 quod
932 1695 1141 1787 martyrium
1156 1695 1264 1788 coepi-

207 1833 287 1880 mus
316 1809 470 1880 libenter
494 1818 671 1902 appetere,
700 1811 786 1880 dum
811 1821 965 1881 mortem
993 1810 1161 1880 discimus
1190 1831 1263 1879 non

207 1927 345 1996 timere.
390 1925 571 1996 Exercitia
588 1933 671 1994 sunt
693 1926 796 1996 nobis
820 1927 898 2009 ista,
916 1949 988 1998 non
1005 1926 1149 2010 funem
1176 1928 1264 1997 dant

208 2042 327 2110 animo
350 2040 569 2111 fortitudinis
592 2038 751 2134 gloriam,
775 2051 961 2112 contemtu
980 2045 1105 2114 mortis
1128 2065 1264 2137 praepa·

209 2165 289 2226 rant
305 2155 349 2226 ad
368 2177 545 2226 coronam.

163 2301 199 2364 15
260 2271 331 2342 XI.
360 2271 432 2345 Sed
458 2273 605 2344 fortasse
632 2271 758 2364 aliquis
783 2283 938 2365 opponat
960 2283 997 2344 et
1027 2275 1143 2346 dicat:
1181 2275 1263 2347 Hoc

210 2411 269 2460 me
286 2411 371 2482 crgo
392 2390 430 2459 in
450 2391 613 2483 praesenti
635 2389 854 2462 mortalitate
871 2393 1068 2474 contristat,
1089 2395 1184 2485 qnod
1202 2394 1263 2485 qui

211 2513 353 2598 paratus
376 2505 422 2576 ad
445 2506 703 2578 confessionem
729 2507 877 2591 fueram,
904 2517 942 2578 et
965 2509 1010 2580 ad
1037 2509 1263 2581 tolerantiam

210 2622 381 2712 passionis
397 2629 475 2694 toto
498 2646 558 2694 me
580 2625 686 2695 cordo
704 2633 741 2694 et
764 2623 871 2716 plena
891 2625 1024 2696 virtute
1042 2627 1264 2709 devoveram,

210 2738 379 2830 martyrio
396 2761 477 2809 meo
495 2740 622 2831 privor,
640 2741 727 2812 dum
746 2749 863 2810 morte
885 2743 1092 2833 praevenior.
1146 2742 1267 2814 Primo

166 2853 249 2930 20in
274 2852 353 2924 loco
378 2877 450 2925 non
476 2865 531 2925 est
552 2857 591 2926 in
614 2863 677 2926 tua
699 2865 877 2949 potestate
902 2857 965 2928 sed
990 2858 1027 2928 in
1053 2857 1123 2928 Dei
1146 2859 1269 2952 digna·

213 2969 311 3038 tione
344 2971 562 3063 martyrium,
597 2993 664 3042 nec
703 2979 805 3064 potes
840 2981 877 3041 te
917 2973 1035 3042 dicere
1075 2973 1269 3064 perdidisse

213 3085 308 3175 quod
342 3087 456 3157 nescis
490 3110 535 3158 an
568 3089 735 3158 merearis
768 3089 938 3180 accipere.
999 3087 1100 3158 Tunc
1140 3088 1269 3159 deinde

215 3199 314 3272 Deus
339 3210 516 3274 scrutator
539 3205 633 3275 renis
663 3213 701 3274 et
731 3203 846 3274 cordis
872 3213 910 3274 et
935 3203 1156 3275 occultorum
1187 3227 1271 3275 con-

214 3317 406 3412 templator
436 3327 474 3390 et
503 3321 665 3414 cognitor
691 3320 790 3392 videt
820 3329 858 3390 te
887 3328 926 3390 et
953 3319 1076 3391 laudat
1106 3330 1144 3390 et
1174 3344 1270 3391 com-

167 3436 351 3531 25probnt,
374 3445 411 3506 et
435 3436 495 3527 qui
520 3437 687 3530 perspicit
713 3438 808 3531 apud
829 3445 868 3506 te
893 3445 1052 3529 paratam
1078 3437 1185 3508 fuisse
1202 3438 1271 3508 vir-

216 3561 343 3633 tutem,
357 3552 482 3622 reddet
498 3575 562 3644 pro
579 3553 713 3624 virtute
729 3553 941 3624 mercedem.
980 3552 1165 3644 Numquid
1181 3553 1271 3626 Cain

217 3691 299 3738 cum
330 3666 410 3738 Deo
439 3691 568 3740 munus
598 3668 740 3740 offerret
764 3669 841 3760 jam
870 3675 1070 3759 peremerat
1100 3668 1270 3740 fretreml

219 3781 268 3852 Et
291 3792 412 3854 tamen
434 3785 660 3876 parricidium
684 3793 807 3854 mente
829 3793 1042 3876 conceptum
1064 3783 1165 3856 Deus
1191 3807 1272 3878 pro-

218 3897 320 3968 vidus
353 3907 438 3970 ante
472 3900 665 3972 damnavit.
717 3899 772 3971 Ut
805 3899 879 3970 illic
909 3901 1079 3994 cogitatio
1109 3899 1205 3972 mala
1234 3911 1272 3972 et

171 4011 415 4102 gopemiciosa
442 4016 628 4106 conceptio
655 4014 735 4086 Deo
760 4017 969 4108 providente
993 4025 1180 4110 prospecta
1206 4027 1271 4100 est,

218 4125 333 4196 itaet
358 4128 396 4197 in
422 4125 491 4200 Dei
518 4131 637 4214 servis,
662 4131 756 4223 apud
782 4155 871 4224 quos
895 4133 1070 4204 confessio
1094 4135 1273 4228 cogitatur

219 4251 257 4312 et
282 4245 489 4338 martyrium
515 4255 638 4318 mente
663 4249 870 4340 concipitur,
895 4251 1034 4320 animus
1063 4252 1107 4322 ad
1137 4252 1271 4322 bonum

220 4357 362 4432 deditus
387 4360 466 4432 Deo
486 4363 609 4452 judice
636 4373 834 4436 coronatur.
886 4365 998 4438 Aliud
1022 4377 1077 4438 est
1103 4369 1272 4460 martyrio
