3294 5192
261 458 312 522 IN
337 459 368 522 S.
389 459 526 523 CYPR.
551 459 616 524 DE
639 459 798 524 OPERE
822 461 886 524 ΕΤ
910 461 1147 528 ELEEMOS.
1178 459 1244 532 349

194 630 263 694 sino
288 629 373 694 inter
397 629 581 694 testimonis
603 638 731 716 petrum
753 639 787 696 et
808 638 985 716 martyrum
1008 631 1160 698 adversus
1180 631 1243 697 hse

194 716 289 780 resim
305 713 456 780 Nestorii.
502 713 617 800 Ituque
632 715 665 780 in
683 717 753 781 enti
775 737 818 781 ue
836 715 992 782 Versione
1011 717 1104 782 istius
1123 717 1244 782 oonoilii

195 822 259 865 non
288 801 512 865 deseribuntur
536 800 687 886 Cypriani
713 823 768 866 ver
789 823 819 878 s,
845 801 901 866 sed
929 801 993 867 slis
1021 803 1180 867 trsnslsts
1205 824 1245 868 ex

195 887 310 951 Graeeo
324 907 479 951 sermone.
523 885 628 953 Extat
647 909 687 952 ee
706 887 807 952 versio
826 886 911 952 inter
928 909 1025 973 opere
1042 887 1139 952 Msrii
1161 887 1246 953 Mer·

195 971 395 1058 entorispsg.
408 973 478 1036 180.
490 971 640 1037 editionis
650 979 779 1038 nostrae.
800 972 897 1036 Hune
909 995 1005 1058 porro
1017 973 1246 1038 loeumleetnm

195 1057 292 1122 inisse
300 1057 333 1121 iu
342 1056 474 1122 eonoiiio
483 1063 624 1124 testetur
632 1057 924 1123 etismVinoentius
935 1057 1116 1123 Lirinensis.
1127 1058 1245 1122 Bunus.

240 1142 278 1206 P.
290 1158 363 1292 235.
375 1143 396 1207 l.
409 1158 456 1225 17.
468 1143 839 1232 homini-reservando]
850 1143 917 1208 Pro
927 1165 966 1210 eo
977 1145 1062 1229 quod
1073 1151 1132 1224 est,
1142 1145 1247 1210 denuo

197 1250 310 1292 serven
333 1249 364 1292 o.

242 1313 325 1378 lbid.
347 1313 401 1378 1.1
429 1361 436 1374 .
470 1314 577 1379 Adam
606 1316 806 1400 porteveret]
840 1314 1090 1399 Apportsverst,
1121 1313 1246 1380 inflixit.

198 1399 237 1464 Ι).
251 1398 389 1484 August.
405 1334 489 1463 duno
507 1399 612 1464 looum
631 1401 746 1486 saepius
767 1400 887 1476 leudst,
903 1399 1044 1485 dicitque
1057 1400 1139 1465 dues
1156 1401 1248 1465 Pels-

195 1484 362 1570 gisnorum
385 1483 543 1550 falsitates
568 1484 620 1550 hio
644 1485 804 1572 redargui,
830 1506 925 1550 unam
949 1507 1011 1570 qun
1039 1485 1146 1550 dieunt
1169 1485 1251 1551 sidit

196 1569 342 1634 uitiorum
360 1591 397 1634 en
417 1570 525 1636 Adam
545 1571 664 1636 trudere
675 1591 767 1656 yetus
787 1569 961 1648 tornantem,
977 1571 1059 1656 quod
1074 1571 1118 1635 sit
1137 1591 1248 1636 sunus

196 1655 272 1719 dum
285 1655 511 1740 curandumque
518 1678 580 1742 per
591 1657 767 1722 Christus:
789 1655 919 1724 mem
933 1677 996 1741 qsso
1006 1657 1122 1734 distent,
1130 1657 1250 1721 nudum

191 1749 262 1890 Ρού
286 1737 468 1840 baptismum
492 1751 608 1806 eander
631 1740 738 1806 tedere
756 1751 926 1827 possmus».
964 1741 1059 1806 Gont.
1089 1761 1117 1806 u.
1142 1741 1248 1828 Epist.

228 1825 368 1992 ⁰1¹3ssAE
382 1825 785 1996 iiiiititiiiddt.
810 1911 948 1997 Spiritus
971 1909 1140 1997 senune]
1164 1909 1249 1976 oum

198 1997 283 2061 inter
295 1996 463 2082 legendum
477 1998 555 2061 mihi
570 1997 724 2074 constitit,
736 1997 852 2061 librum
860 1997 982 2061 dietum
992 1996 1247 2074 Ecelesinetiem

199 2081 253 2166 qui
267 2081 319 2146 hio
333 2089 367 2146 et
384 2081 460 2146 slibi
480 2103 501 2147 s
516 2083 675 2168 Cypriane
693 2083 835 2160 effertur,
850 2104 872 2146 s
885 2081 1031 2182 putribus
1044 2089 1113 2147 tem
1129 2082 1250 2146 Graeeis

199 2189 295 2252 quem
318 2166 451 2242 Latinis,
475 2169 621 2253 eoquod
642 2168 675 2232 in
697 2167 961 2254 interpretatione
982 2174 1041 2232 τῶν
1062 2167 1088 2231 o'
1111 2173 1247 2244 exteret,

199 2260 237 2317 ut
271 2253 305 2316 S.
325 2251 499 2339 Seripturae
532 2260 657 2338 purtem
687 2255 890 2318 θεόπνευστου
919 2273 1043 2338 semper
1074 2253 1249 2317 sdduotum

199 2337 306 2414 tuisse,
329 2359 430 2422 usque
451 2339 527 2402 dum
549 2339 671 2404 veneris
692 2340 733 2404 sd
755 2339 937 2416 Eusebium,
959 2339 1013 2424 qui
1032 2346 1146 2404 oontrn
1165 2338 1250 2403 inter

200 2424 267 2492 τοὺς
285 2423 534 2506 ἂντιλεγομένους
553 2425 564 2488 i
587 2445 658 2488 sum
676 2425 844 2489 reeensuit.
884 2423 977 2488 Solus
1000 2424 1114 2489 Melite
1133 2423 1249 2509 exeipi-

200 2510 300 2574 endus
314 2515 373 2584 est,
390 2510 480 2595 eujus
498 2531 537 2576 os
584 2531 663 2595 ogus
681 2509 835 2575 librorum
851 2508 928 2575 Vet.
944 2509 1143 2574 Testamenti
1162 2530 1183 2574 s
1205 2509 1249 2572 ud

200 2595 335 2660 eundem
354 2593 527 2660 Eusebium
546 2602 647 2661 extet.
693 2595 738 2660 Et
757 2595 894 2680 posteris
908 2617 1032 2681 quoqne
1052 2531 1249 2680 tempor-dms

200 2689 351 2766 reseptmn
374 2701 446 2744 eum
471 2681 567 2746 fuisse
592 2682 627 2746 in
649 2682 867 2759 anamim,
890 2681 1027 2746 maxime
1049 2681 1092 2745 sb
1117 2679 1250 2746 eoelesis

201 2764 356 2841 oriented,
378 2766 519 2830 ostendit
538 2767 573 2830 S.
585 2766 785 2852 Augustinus
805 2767 843 2831 de
865 2767 996 2831 divisas
1015 2766 1087 2844 Dei,
1103 2766 1248 2830 iib.xvu.

201 2870 271 2933 esp.
294 2868 321 2912 2.
360 2849 408 2914 At
432 2858 546 2915 eontrs
573 2851 800 2917 euewritntem
825 2851 896 2916 libri
921 2851 1106 2916 esnoniosm
1132 2858 1251 2937 prester

201 2933 256 2998 ille
280 2933 443 2998 Melitonis
463 2943 561 3020 etque
584 2935 714 3000 Eusebii
735 2943 862 3001 suntet
883 2935 947 3000 elis
968 2937 1001 3000 in
1022 2936 1082 3000 heo
1104 2957 1139 3000 re
1160 2935 1250 3000 teeti-

202 3019 309 3083 monin
328 3019 507 3095 efferenda
529 3021 647 3084 etenim
662 3021 827 3084 oouoilium
849 3021 1072 3097 Leodioenum,
1093 3028 1169 3085 ente
1185 3020 1251 3083 Au-

262 3104 320 3169 tini
346 3110 493 3188 tempore
518 3105 603 3189 quod
632 3105 778 3171 hobitum
803 3113 862 3181 est,
887 3113 962 3190 post
988 3113 1252 3170 commemoratos

237 3189 333 3255 eteris
356 3188 554 3255 Testamenti
575 3190 683 3268 libros,
704 3190 798 3254 nullis
819 3212 928 3255 eorum
950 3191 1084 3255 sd'eotis
1105 3192 1159 3276 qui
1180 3210 1251 3274 αΡο-

202 3275 310 3375 αγΡᾰί
324 3275 417 3360 vulgo
428 3275 585 3354 dieuntur,
601 3275 685 3340 huno
699 3276 814 3340 librum
830 3275 981 3341 Sirseidae
1071 3275 1252 3340 esiestioum

200 3359 378 3446 junioribus
392 3359 576 3426 disoeudum
596 3369 724 3426 tentum
742 3361 927 3511 meosuite
952 3369 1022 3428 tum
1040 3383 1116 3426 vero
1131 3361 1163 3426 S.
1175 3359 1252 3425 Hie·

203 3467 363 3530 ronymus,
387 3446 447 3510 etsi
470 3446 667 3512 Hebrsioum
688 3448 783 3532 hujus
817 3447 875 3511 'bri
898 3447 1059 3534 exemplar
1078 3453 1251 3532 reperernt,

204 3532 340 3596 eundem
361 3539 479 3610 temen,
506 3540 677 3618 propterea
697 3533 783 3634 quod
807 3555 828 3597 s
852 3532 991 3598 Judsioo
1017 3533 1252 3618 Scriptursrum

205 3638 325 3682 mnone
339 3617 475 3694 abesset,
491 3618 580 3682 libris
600 3620 758 3683 onnomeie
772 3619 1003 3684 excludendum
1021 3641 1090 3682 esse
1109 3617 1250 3692 sensuit,

205 3724 308 3851 Reque
321 3703 559 3854 dnuetoritettem
575 3703 814 3876 Gigempw
837 3704 880 3768 sd
905 3704 1253 3854 dogmnmtnoefim·

229 3810 364 3852 rmsue
452 3811 528 3852 ovi.
608 3812 651 3852 ι.
791 3812 951 3855 ‚eussn
1246 3834 1253 3849 ·

208 3872 319 3958 Neque
332 3811 452 3939 diff
448 3882 591 3941 statuere
610 3874 726 3940 Rufino
742 3813 937 3962 Aquildiensi
956 3876 1056 3940 visum
1071 3881 1131 3940 est.
1175 3872 1253 3937 Vid.

207 3959 320 4058 Enpoe.
335 3960 403 4045 ejus
418 3961 453 4024 in
472 3959 645 4044 Symbolum
663 3964 767 4046 Apost.
786 3965 815 4044 ξ.
828 3961 957 4025 xxxviii.
971 3983 1003 4046 p.
1014 3963 1066 4024 26.
1080 3960 1123 4024 ed
1138 3959 1256 4023 osloem

208 4045 284 4110 edu.
297 4043 400 4110 Oxon.
414 4047 471 4130 Op.
482 4046 684 4131 &Cyprium-
710 4046 755 4110 Hi
766 4046 850 4110 euim
858 4047 953 4110 umbo
963 4047 1132 4132 legendum
1140 4045 1255 4108 librum

207 4129 241 4194 in
265 4129 397 4196 eoelesin
419 4139 547 4198 tentum
577 4139 711 4217 propter
734 4131 986 4206 {edificationem
1013 4137 1051 4195 ut
1071 4131 1253 4216 loquuntur,

208 4215 454 4290 existimubent;
490 4217 756 4301 quemadmodum
781 4216 896 4282 stetuit
919 4216 1076 4281 AElfrious
1099 4216 1199 4280 sbbss
1224 4214 1257 4277 in

209 4300 366 4367 Trsetstu
386 4325 444 4367 suo
461 4303 499 4367 de
522 4303 583 4368 Vet.
604 4313 695 4390 utque
708 4305 797 4368 Nono
821 4303 1003 4367 Testamenta
1021 4323 1095 4388 png.
1116 4317 1164 4384 17.
1180 4300 1257 4364 edit.

211 4383 304 4452 Lisle.
320 4387 374 4473 qui
390 4388 517 4474 quidem
531 4396 692 4455 trnetetus
706 4387 846 4474 AEdgnri
863 4388 949 4474 regis
968 4389 1094 4474 Angiise
1108 4386 1258 4472 tempori-
