3314 5190
393 485 458 551 278
773 484 806 542 S·
830 478 1065 544 CYPRIANI

393 657 490 728 vocis
505 655 650 726 hortatu
667 657 845 726 instruens
861 663 899 725 et
915 655 1047 724 docens
1064 665 1102 723 et
1118 673 1319 744 praeparens
1335 659 1444 742 stque

393 771 622 843 corroborans
642 770 803 842 ecclesiae
826 793 901 842 suae
923 766 1096 862 populum
1118 767 1163 837 sd
1188 787 1331 836 omnem
1355 763 1446 835 tole-

394 888 543 958 rantiam
571 886 782 969 futurorum,
807 885 903 956 belle
928 894 966 956 et
991 884 1102 954 fames
1127 893 1165 954 et
1191 891 1297 954 terrae
1324 890 1445 952 motus

395 1015 433 1074 et
457 1002 677 1097 pestilentias
702 1026 766 1096 per
790 1002 868 1074 loca
898 1000 1036 1095 singulo
1060 1020 1250 1093 exsurgere
1280 1020 1446 1091 praenun-

395 1121 499 1191 tisvit
528 1129 566 1190 et
596 1121 736 1191 cecinit.
789 1119 837 1189 Et
864 1142 910 1189 ne
938 1119 1141 1211 inopinatus
1170 1138 1234 1186 nos
1260 1125 1298 1186 ct
1331 1137 1472 1195 novuss

395 1260 514 1308 rerum
535 1237 781 1309 infestantium
805 1245 924 1306 metus
944 1242 1118 1328 quateret,
1135 1233 1248 1327 magis
1269 1255 1310 1302 sc
1331 1233 1444 1326 magis

377 1343 432 1422 'in
465 1354 663 1424 novissimis
690 1351 909 1445 temporibus
938 1350 1086 1421 adverse
1114 1349 1334 1422 crebrescere
1360 1357 1444 1419 suto

394 1471 618 1562 praemonuit.
670 1468 781 1540 Fiunt
797 1491 881 1538 eece
898 1491 979 1559 quae
1002 1466 1097 1536 dicta
1118 1473 1223 1548 sunt;
1248 1473 1286 1535 et
1303 1467 1445 1557 quando

394 1585 486 1656 liunt
515 1609 596 1678 quae
626 1595 709 1656 ente
737 1585 908 1678 praedicts
937 1592 1031 1665 sunt,
1061 1590 1255 1674 sequentur
1284 1589 1322 1651 et
1348 1604 1446 1673 quae-

395 1723 535 1793 cunque
551 1701 722 1793 promissa
743 1706 835 1781 sunt,
854 1698 1010 1769 Domino
1032 1699 1108 1790 ipso
1129 1696 1321 1790 pollicente
1338 1706 1377 1767 et
1394 1699 1447 1768 di·
1461 1723 1495 1761 ιο

265 1845 272 1876 ι
292 1844 306 1878 e
352 1830 367 1877 '·
395 1827 520 1888 cente:
553 1815 642 1890 Cum
666 1825 777 1886 cutem
801 1812 958 1885 videritis
981 1811 1054 1884 taec
1076 1813 1192 1884 omnic
1207 1812 1305 1908 ficri,
1328 1813 1446 1884 scitote

396 1935 558 2030 quoniam
576 1933 614 2003 in
626 1932 793 2028 prorimo
809 1940 858 2002 cst
874 1953 1016 2028 reprcunt
1032 1928 1115 2000 Dei.

448 2049 498 2121 ΙΙ.
518 2049 683 2144 Regnum
715 2048 795 2131 Dei,
819 2048 944 2118 fratres
974 2045 1203 2129 dilectissimi,
1229 2069 1307 2117 esse
1337 2049 1446 2140 eoepit

396 2169 433 2237 in
466 2168 640 2259 proximo.
692 2165 885 2238 Praemium
926 2166 1010 2234 vitae
1044 2171 1082 2232 et
1115 2163 1285 2257 goudium
1321 2164 1446 2235 salutis

396 2291 553 2366 aeternae,
583 2291 621 2353 et
654 2288 826 2375 perpetuo
859 2280 996 2363 laetitie,
1026 2287 1064 2350 et
1094 2281 1265 2372 possessio
1294 2283 1494 2373 paradisi15

396 2422 511 2491 nuper
530 2399 666 2480 emissa,
690 2395 824 2467 mundo
848 2403 1054 2466 transeunte
1073 2396 1150 2488 jam
1171 2397 1339 2480 veniunt;
1367 2399 1445 2489 jem

396 2513 544 2584 terrenis
562 2511 719 2582 coelestis
742 2521 779 2581 et
795 2534 925 2604 magne
946 2513 1071 2605 parvis,
1094 2521 1131 2582 et
1153 2513 1294 2583 caducis
1311 2523 1447 2585 aeterne

397 2631 603 2702 succedunt.
641 2628 731 2711 Quis
748 2628 806 2700 hic
823 2629 1014 2699 anxietatis
1031 2637 1069 2698 et
1085 2629 1331 2702 sollicitudinis
1348 2630 1447 2704 locus

398 2747 476 2818 esti
510 2747 601 2830 Quis
626 2746 720 2816 inter
746 2746 826 2815 haec
855 2747 1014 2838 trepidus
1044 2755 1082 2816 et
1111 2757 1259 2819 moestus
1284 2757 1348 2832 est,
1378 2749 1446 2818 nisi

398 2865 455 2935 oui
491 2885 570 2956 spes
606 2872 643 2934 et
671 2861 759 2932 fides
789 2861 912 2932 deest?
956 2862 1043 2954 Ejus
1070 2871 1127 2933 est
1161 2865 1257 2935 enim
1292 2874 1445 2936 mortem
1458 2891 1497 2930 20

397 2979 525 3050 timere
559 2979 619 3071 qui
653 2979 698 3049 sd
732 2976 914 3048 Christum
947 2977 1037 3048 nolit
1070 2979 1133 3048 ire.
1196 2977 1283 3071 Ejus
1315 2988 1371 3050 est
1400 2981 1446 3050 sd

398 3095 580 3167 Christum
606 3093 701 3164 nolle
726 3095 777 3164 ire
802 3094 862 3186 qui
887 3116 927 3164 se
953 3117 1024 3164 non
1049 3095 1171 3165 credat
1198 3117 1281 3165 cum
1304 3097 1447 3168 Christo

397 3213 552 3305 incipere
580 3233 738 3304 regnare.
790 3209 970 3302 Scriptum
1005 3219 1059 3281 est
1092 3211 1188 3280 enim
1212 3210 1346 3304 justum
1370 3211 1447 3305 fide

398 3327 518 3399 virere.
557 3327 597 3398 Si
608 3331 727 3420 justus
740 3349 788 3409 es,
806 3335 844 3396 et
859 3325 931 3396 lide
948 3327 1045 3408 vivis,
1063 3327 1093 3397 si
1110 3350 1193 3398 vere
1209 3327 1246 3396 in
1264 3327 1446 3399 Christum

398 3444 522 3526 credis,
545 3465 610 3513 cur
631 3465 704 3512 non
726 3464 809 3512 cum
832 3442 975 3513 Christo
995 3443 1146 3526 futurus,
1169 3453 1207 3515 et
1230 3445 1275 3514 de
1300 3443 1445 3514 Domini
1458 3469 1495 3530 ²5

398 3559 655 3651 pollicitatione
672 3581 814 3629 securus
831 3559 926 3650 quod
949 3559 994 3629 ad
1011 3558 1194 3630 Christum
1212 3561 1354 3643 voceris,
1371 3583 1448 3631 sm·

302 3721 308 3735 -
330 3721 337 3735 ·
398 3675 573 3768 plecteris,
591 3685 628 3746 et
646 3675 741 3768 quod
758 3673 898 3746 diabolo
915 3698 1034 3746 careas
1049 3674 1263 3770 gratularis?
1289 3675 1445 3770 Symeon

399 3793 551 3885 denique
581 3790 643 3862 ille
666 3793 796 3884 justus,
827 3793 887 3884 qui
923 3815 1005 3863 vere
1027 3793 1147 3885 justus
1176 3792 1254 3876 fuit,
1284 3794 1345 3885 qui
1373 3795 1446 3866 fide

398 3909 505 4002 plens
530 3908 599 3978 Dei
625 3916 804 4002 praecepta
832 3910 994 3990 servavit,
1021 3933 1102 3980 eum
1133 3910 1166 3979 ei
1194 3910 1362 3982 divinitus
1392 3935 1447 3982 re-

399 4047 566 4118 sponsum
600 4025 725 4096 fuisset
760 4025 855 4116 quod
884 4047 955 4094 non
990 4035 1074 4096 ante
1108 4033 1306 4096 moreretur
1338 4049 1444 4118 quem
1455 4055 1496 4112 30

399 4140 581 4213 Christum
617 4143 771 4224 vidisset,
801 4149 839 4212 et
868 4141 1030 4214 Christus
1058 4143 1174 4214 infans
1203 4144 1240 4212 in
1271 4142 1445 4235 templum

398 4277 481 4324 cum
506 4266 620 4327 matre
645 4258 808 4339 venisset,
834 4259 979 4350 ognovit
1004 4259 1040 4327 in
1067 4259 1194 4350 spiritu
1218 4265 1342 4328 netum
1368 4279 1445 4330 esse

392 4371 469 4462 jam
495 4370 686 4456 Christum,
708 4375 753 4444 de
778 4397 849 4464 quo
874 4374 940 4444 sibi
962 4375 1077 4446 fluerat
1102 4383 1185 4444 ente
1211 4373 1443 4468 praediotum;
