3316 5198
408 425 473 490 110
762 429 1104 498 TERTULLIANI

407 603 512 686 ditiae,
542 625 614 675 non
647 625 734 696 quas
766 604 925 698 plerique
963 609 1206 701 superstitiose
1239 618 1375 693 euram,
1410 611 1456 682 ad

407 743 549 791 omnem
567 721 762 791 orationem
779 723 889 792 etiam
909 746 991 794 oum
1014 723 1153 795 lavacro
1171 727 1282 796 totius
1299 728 1456 819 corporis

406 858 535 928 aquam
552 847 743 908 sumentes.
787 837 829 908 Id
847 861 957 931 quum
975 840 1179 932 scrupulose
1196 851 1455 934 percunctarer,

406 953 635 1023 strationem
657 955 880 1045 requirerem,
903 958 1057 1049 comperi
1080 960 1455 1028 commemorationem

407 1091 482 1139 esse
504 1071 542 1139 in
565 1068 711 1140 Domini
736 1072 964 1141 deditionem.
1017 1071 1096 1143 Nos
1119 1071 1315 1143 Dominum
1333 1074 1481 1160 adora-5

405 1208 495 1268 mus,
513 1209 584 1254 non
601 1185 773 1257 dedimus.
826 1186 906 1256 Imo
924 1195 961 1258 et
978 1189 1153 1258 adversari
1171 1190 1341 1260 debemus
1357 1189 1456 1260 dedi-

405 1303 491 1372 toris
521 1302 696 1394 exemplo,
731 1325 798 1373 neo
828 1313 1014 1396 propterea
1047 1327 1173 1374 manus
1202 1305 1356 1387 abluere,
1386 1307 1454 1376 nisi

406 1417 501 1509 quod
530 1420 805 1489 conversationis
834 1419 997 1490 humanae
1030 1421 1337 1513 inquinamentum
1372 1445 1455 1493 oon·

406 1534 561 1604 soientiae
579 1557 700 1606 caussa
715 1535 885 1604 lavemus.

276 1649 361 1764 ffi-
456 1649 626 1720 Ceterum
643 1653 727 1722 satis
743 1652 885 1721 mundae
905 1659 988 1721 sunt
1010 1675 1146 1735 manus,
1164 1673 1251 1744 quas
1274 1675 1356 1723 oum
1374 1663 1453 1725 toto
1468 1683 1502 1722 ιο

239 1754 396 1846 apennine.
406 1789 550 1860 corpore
580 1768 617 1838 in
647 1767 789 1838 Christo
819 1766 928 1838 semel
955 1767 1113 1838 lavimus.
1166 1767 1342 1840 Omnibus
1366 1768 1453 1841 lieet

404 1883 573 1954 membris
613 1883 708 1954 lavet
748 1884 907 1976 quotidie
946 1882 1065 1966 Israel,
1099 1905 1294 1975 numquam
1331 1893 1451 1955 tamen

403 2003 556 2072 mundus
582 2010 647 2071 est.
695 2000 802 2071 Certe
826 2022 953 2070 manus
978 2000 1054 2092 ejus
1081 2021 1221 2092 semper
1249 2000 1450 2085 immunda,

403 2117 573 2211 sanguine
598 2116 849 2210 prophetarum
878 2125 915 2187 et
942 2115 1052 2207 ipsius
1080 2115 1227 2184 Domini
1257 2125 1450 2188 amentata

401 2234 439 2302 in
456 2242 638 2302 aternum.
691 2232 740 2302 Et
757 2234 837 2304 ideo
855 2232 1071 2303 conscientia
1086 2239 1228 2323 patrum
1245 2231 1449 2304 hereditarii
1464 2261 1496 2324 15

400 2350 451 2418 rei
481 2371 547 2418 nee
575 2347 739 2418 attollere
769 2371 827 2418 eas
855 2349 900 2418 ad
931 2347 1126 2418 Dominum
1153 2348 1297 2431 audent,
1320 2373 1366 2420 ne
1387 2373 1451 2421 ex-

400 2465 532 2536 clamet
557 2463 683 2557 aliquis
709 2464 840 2546 Esaias,
863 2489 909 2534 ne
933 2464 1120 2534 exhorreat
1144 2464 1317 2536 Christus.
1370 2466 1449 2538 Nos

400 2604 483 2651 vero
510 2604 582 2651 non
604 2579 800 2650 attollimus
821 2588 972 2662 tantum,
998 2581 1060 2650 sed
1084 2581 1193 2650 etiam
1215 2583 1448 2673 expandimus

400 2697 636 2769 eDominioa
660 2698 821 2788 passione
848 2696 1091 2781 modulantes3
1128 2705 1167 2766 et
1196 2707 1337 2768 orantes
1365 2721 1449 2768 oon-

400 2814 543 2885 litamur
560 2813 712 2885 Christo.
1458 2851 1496 2891 ,0

271 2932 357 2982 CAP·
451 2929 523 3001 Sed
558 2931 724 3022 quoniam
758 2952 869 2998 unum
905 2927 1047 3021 aliquod
1087 2930 1295 3023 attingimus
1328 2953 1447 3000 vaenue

234 2997 392 3141 mallatus
401 3047 663 3128 observationis,
686 3068 758 3114 non
787 3045 924 3138 pigebit
954 3053 1074 3115 cetera
1099 3068 1240 3137 quoque
1266 3046 1445 3128 denotare,

234 3127 335 3191 mh*
399 3165 526 3256 quibus
542 3163 670 3233 morito
688 3162 824 3232 vanitas
841 3161 1068 3254 exprobanda
1081 3171 1155 3244 est;
1179 3163 1352 3254 siquidem
1370 3164 1446 3234 sine

397 3279 503 3350 ullius
520 3289 583 3350 aut
607 3279 796 3360 Dominiei‚
814 3286 877 3347 aut
902 3278 1086 3370 apostolici
1109 3280 1275 3370 precepti
1293 3281 1446 3349 auotori-

396 3405 472 3467 tate
488 3397 590 3466 fiunt.
626 3394 840 3486 Hujusmodi
859 3395 954 3464 enim
971 3417 1042 3464 non
1060 3392 1231 3488 religioni,
1249 3396 1311 3465 sed
1324 3419 1445 3488 super-
1455 3435 1470 3474 2
1473 3434 1491 3494 5

396 3513 531 3584 stitioni
557 3513 783 3604 deputantur,
813 3509 987 3593 affectata,
1019 3519 1057 3580 et
1086 3519 1219 3592 ooaota,
1247 3519 1285 3580 et
1315 3512 1443 3582 curiosi

395 3631 523 3724 potius,
538 3651 643 3720 quam
657 3625 836 3697 rationalis
849 3625 975 3708 officii3
992 3635 1089 3696 certe
1107 3626 1162 3696 vel
1177 3649 1220 3697 eo
1238 3627 1441 3710 coercenda,

394 3746 488 3837 quod
507 3744 711 3815 Gentilibus
729 3741 818 3838 (sor.
837 3765 900 3811 nos
923 3743 1124 3836 adaequant)
1148 3743 1343 3834 adaquant.
1388 3743 1442 3814 Ut

394 3872 449 3934 est
474 3861 705 3955 quorundam,
723 3861 892 3953 expositis
918 3859 1056 3954 penulis
1082 3861 1278 3930 orationem
1305 3861 1441 3944 faeere3

394 3982 443 4049 sie
461 3981 557 4049 enirn
578 3980 711 4048 adeunt
732 3978 777 4047 ad
800 3975 895 4047 idola
917 3977 1087 4046 nationes.
1141 3976 1246 4060 Quod
1270 3977 1394 4068 utique
1412 3977 1490 4056 si30

393 4095 468 4165 fieri
487 4105 675 4188 oporteret,
693 4093 853 4189 apostoli,
871 4095 931 4186 qui
949 4095 994 4164 de
1016 4094 1143 4164 habitu
1160 4094 1281 4163 orandi
1300 4095 1440 4175 docent,

275 4189 286 4208 ⁶
394 4211 762 4304 comprehendissent3
788 4212 854 4281 nisi
873 4212 978 4302 siqui
997 4219 1134 4303 putant,
1153 4209 1306 4279 Paulum
1329 4232 1441 4301 penu-

392 4326 463 4397 lam
477 4348 577 4398 suam
594 4327 631 4396 in
649 4328 807 4398 oratione
819 4349 929 4419 penes
942 4325 1097 4419 Carpum
1111 4325 1303 4417 reliquisse.
1339 4324 1440 4395 Deus
