3314 5190
3 4477 8 4696 l

3 4767 6 4938 l

497 471 563 536 'DE
587 468 961 535 MORTALITATE.
1191 471 1256 535 288

204 643 259 714 At
285 642 346 715 ille
372 646 466 716 circa
486 645 652 716 timorem
679 645 749 718 Dei
775 645 968 718 stabiliret
990 647 1122 728 firmus,
1146 653 1183 715 et
1210 647 1255 717 ad

204 783 348 832 omnem
365 761 590 834 tolerantiam
609 763 779 855 passionis
801 763 872 834 lide
894 763 1074 857 religionis
1090 768 1256 846 armenis,

202 879 394 950 tentationi
419 880 540 951 axoris
565 879 730 952 invalidae
753 879 791 949 in
815 879 936 952 dolore
959 902 1031 950 non
1054 879 1170 962 cessit,
1193 879 1256 950 sed

202 996 315 1090 magis
351 995 470 1067 Deum
504 997 677 1089 patientia
714 997 849 1089 majore
888 997 1106 1089 promeruit3
1149 1017 1256 1087 quem

174 1112 430 1202 spostmodum
470 1111 630 1206 Raphael
668 1111 815 1206 angelus
849 1110 1029 1182 collaudat
1067 1119 1106 1180 et
1144 1111 1254 1181 dicit:

204 1225 319 1322 Opera
336 1226 409 1298 Dei
424 1227 575 1300 revelare
591 1237 623 1299 et
639 1228 795 1324 confiteri
811 1225 1039 1324 decoraficam
1056 1236 1114 1299 est.
1162 1224 1255 1299 Nam
1265 1239 1327 1290 Τὼ.
1338 1239 1383 1290 ιίῑ.

201 1343 339 1438 qreaado
372 1343 495 1416 orahm
525 1353 562 1417 ta
596 1354 628 1416 et
660 1343 776 1418 Sarra
809 1367 921 1417 naras
956 1354 1025 1428 taa,
1056 1367 1116 1442 eqo
1150 1341 1257 1416 obtati

201 1463 402 1533 memoriam
436 1462 606 1534 madonis
638 1473 760 1534 vestra
793 1463 831 1534 io
866 1471 1045 1557 compecto
1084 1459 1256 1534 caritatis

200 1573 282 1647 Dei.
324 1575 467 1650 Etcum
485 1577 646 1674 sepelires
664 1589 701 1652 tu
718 1589 870 1652 mortuos
892 1577 1105 1674 simpliciter,
1122 1586 1155 1649 et
1171 1578 1254 1672 qaia

156 1717 270 1764 ronco
293 1717 329 1765 es
353 1705 530 1768 cunctatas
551 1719 735 1795 scearpere
755 1706 787 1768 et
807 1693 1040 1790 derelinquere
1058 1693 1251 1789 prandiam

200 1819 307 1894 mam,
334 1820 367 1883 et
395 1810 507 1894 abisti,
534 1822 566 1884 et
593 1812 781 1885 condidisti
810 1821 991 1894 metuam,
1021 1811 1147 1881 mdes
1174 1833 1250 1880 sam

200 1933 331 1998 tentare
364 1937 406 2008 te,
441 1937 474 2000 et
507 1929 631 2000 iterum
661 1953 715 2001 me
744 1929 840 2000 misit
872 1927 970 1999 Deris
999 1949 1122 1998 amare
1155 1935 1187 1998 te
1220 1935 1252 1998 et

198 2041 348 2115 Sarrum
370 2067 498 2116 amam
519 2055 624 2117 taam.
675 2046 753 2145 Epo
773 2046 865 2117 enim
886 2059 962 2116 sam
982 2039 1144 2138 Rapdaet
1160 2065 1252 2114 acas

198 2183 244 2231 ea
270 2169 394 2255 septem
424 2160 555 2259 appetis
583 2164 713 2235 saonis
742 2164 803 2258 qai
832 2162 1025 2234 assistimus
1055 2170 1087 2233 et
1114 2183 1253 2232 coava-

155 2301 318 2361 issamar
334 2286 413 2349 arete
429 2277 617 2350 cleritatem
636 2277 718 2351 Dei.

250 2395 340 2468 VII.
367 2394 473 2467 Hanc
502 2398 727 2469 tolerantiam
751 2397 842 2490 justi
872 2418 1012 2490 semper
1039 2393 1250 2477 habuerunt,

198 2512 290 2583 hanc
323 2511 474 2604 apostoli
508 2513 730 2606 disciplinam
769 2515 814 2584 de
848 2511 996 2585 Domini
1034 2510 1114 2605 lege
1147 2520 1252 2581 tenu-

198 2635 314 2710 erunt,
337 2649 409 2699 non
429 2630 616 2700 mussitare
636 2630 674 2700 in
699 2631 864 2713 adversis,
888 2629 950 2700 sed
973 2651 1191 2721 quaecunque
1214 2629 1251 2697 in

197 2743 329 2816 saeculo
352 2745 519 2815 accidunt
541 2746 682 2817 fortiter
703 2755 741 2818 et
762 2747 940 2840 patienter
960 2747 1141 2838 accipere3
1168 2767 1252 2818 cum

151 2860 404 2932 20Judaeorum
428 2860 580 2954 populus
601 2862 683 2933 hinc
705 2885 845 2955 semper
861 2861 1048 2932 offenderit
1072 2862 1167 2953 quod
1190 2863 1252 2932 ad-

198 2999 318 3048 versus
336 2977 456 3049 Deum
479 2975 699 3070 frequentius
721 2985 968 3060 murmuraret,
985 2979 1078 3048 sicut
1098 2985 1252 3048 testatur

197 3094 235 3163 in
261 3093 432 3165 Numerio
450 3093 625 3164 Dominus
643 3094 742 3164 Deus
759 3095 900 3165 diceus:
926 3092 1078 3164 Desinat
1096 3115 1250 3163 marma-
1259 3115 1335 3164 uun
1347 3133 1390 3166 xx.

197 3213 290 3282 ratio
306 3234 423 3282 eoram
446 3235 467 3282 a
485 3235 547 3294 me,
565 3219 597 3281 et
613 3233 682 3282 aaa
703 3211 905 3282 mmientar.
949 3210 1248 3281 Murmur-andum

197 3351 269 3399 non
305 3338 360 3399 est
393 3330 430 3398 in
466 3328 631 3410 adversis,
667 3327 793 3398 fratres
830 3325 1060 3408 dilectissimi,
1097 3327 1158 3396 sed
1188 3351 1250 3419 pa-

151 3446 330 3530 25tienter
359 3455 396 3517 et
426 3446 566 3516 fortiter
594 3445 759 3537 quicquid
791 3446 958 3516 acciderit
991 3443 1248 3524 sustinendum,

198 3584 280 3632 cum
310 3564 480 3656 scriptum
511 3564 566 3643 sit,
591 3559 813 3654 Sacrificium
843 3558 921 3632 Deo
950 3561 1097 3656 spiritns
1122 3559 1350 3634 contri-rma.

196 3675 341 3760 beditas,
366 3701 427 3749 cor
451 3677 635 3750 meinaim
665 3685 698 3747 et
726 3674 944 3749 humiliatam
970 3675 1069 3748 Deus
1098 3699 1167 3747 noa
1193 3673 1250 3746 de-

196 3793 310 3884 spicit.
354 3793 398 3863 In
416 3793 696 3864 Deuteronomio
713 3817 854 3886 quoque
874 3803 997 3865 mouet
1013 3816 1078 3888 per
1096 3792 1249 3885 Moysen

198 3906 352 3998 Spiritus
390 3907 542 3980 Sanctus
580 3917 618 3978 et
656 3910 762 3980 dicit:
819 3908 995 3982 Dominus
1031 3908 1130 3981 Deus
1170 3917 1248 3980 taus
1257 3927 1379 3978 neuere.

149 4022 332 4112 goaeeabit
362 4033 403 4107 te,
430 4034 462 4096 et
476 4023 612 4122 &samem
639 4023 770 4117 injiciet
799 4025 871 4108 tihi,
901 4035 933 4097 et
963 4034 1180 4123 mpaoscetar
1210 4024 1249 4095 ia

197 4137 299 4211 corde
322 4149 380 4212 tao
402 4141 435 4211 si
457 4139 537 4212 bene
560 4139 763 4212 custodieris
781 4151 955 4238 precepta
976 4139 1057 4234 aas,
1074 4143 1145 4212 sice
1168 4164 1248 4212 aaa.

198 4255 247 4328 Et
277 4258 430 4329 iterum:
475 4256 597 4328 Tentat
632 4281 690 4328 eos
724 4256 899 4330 Dominus
933 4258 1032 4330 Dera
1067 4268 1182 4342 cester,
1213 4267 1397 4330 atumem.

196 4375 285 4446 sciat
317 4375 350 4445 si
385 4373 532 4473 diliaitis
563 4373 757 4448 Dominam
789 4374 900 4446 Deam
932 4385 1077 4448 cestram
1108 4401 1152 4447 ee
1182 4383 1250 4445 toto

666 4515 688 4560 o
706 4499 769 4561 oa
