3314 5190
301 489 353 554 IN
372 491 404 554 S.
421 491 560 554 CYPR.
576 491 640 556 DE
658 490 845 556 IDOLOR.
863 492 1127 558 VANITATE.
1193 493 1259 560 837

208 661 296 724 lioria
309 659 441 746 obsequii
454 661 717 745 afldeifortionb
725 661 758 726 in
766 668 892 727 textum
907 662 1021 748 reoepi.
1045 661 1084 725 In
1099 663 1168 728 eod.
1184 685 1258 728 vero

209 745 290 810 Novi
313 746 390 811 Coll.
414 747 501 812 dioto
520 767 547 811 1.
576 755 611 812 et
632 748 666 811 in
687 749 757 813 ood.
779 748 941 812 Druriano
962 748 1135 848 vetustiori,
1151 749 1259 834 posita

209 837 284 896 sunt
299 838 427 898 tantum
441 833 538 898 verba
551 833 644 898 multo
659 833 825 917 fideliores,
840 834 964 899 omissis
978 833 1048 912 illis,
1063 833 1196 899 ruboris
1209 835 1257 898 ot-

208 917 306 1002 roqm'i
319 927 347 982 a
360 917 442 1002 fidei
448 919 600 1002 fortioris,
617 921 702 1003 quod
722 927 756 984 et
775 920 897 984 iaotum
912 919 1008 984 estin
1023 919 1162 985 editione
1177 921 1257 985 Gro-

209 1003 303 1067 novii.
346 1005 488 1070 Melioris
502 1004 633 1090 obsequii
645 1006 760 1088 etfldei
770 1007 913 1088 fortioris
929 1006 1001 1069 MS.
1018 1005 1196 1070 Drnrianus
1210 1027 1257 1070 re·

209 1089 332 1153 oentior
353 1091 470 1154 omissa
491 1113 566 1154 vooe
588 1091 689 1156 moue.
734 1092 814 1156 Cum
836 1091 970 1156 leotione
993 1091 1165 1156 Baluzinna
1185 1113 1257 1156 oon-

209 1175 307 1240 sentit
323 1175 395 1240 MS.
411 1197 499 1240 meus
514 1176 588 1240 olim
604 1176 812 1242 Meormanni.

265 1259 303 1324 P.
320 1262 444 1411 affl
456 1281 484 1326 2.
517 1261 711 1327 illuminator
733 1269 766 1328 et
788 1263 944 1327 deduotor
964 1262 1094 1327 humani
1115 1263 1253 1350 generis]

211 1345 314 1431 Vulgo
444 1397 452 1425 ‚
476 1348 533 1412 sed
555 1348 699 1412 Maeror
726 1353 915 1433 receperunt
940 1349 1015 1412 olim
1043 1348 1196 1413 Cellarius
1225 1355 1259 1413 et

210 1432 397 1508 Gronovius,
413 1433 633 1518 nocentiusque
649 1434 836 1513 Lindnerus‚
850 1434 924 1497 dum
941 1435 995 1498 diu
1010 1435 1140 1499 antelli
1164 1434 1260 1499 altius

210 1517 270 1581 hoe
295 1525 523 1583 annotaverant:
557 1527 577 1554 ‘⁸
592 1517 736 1584 Mucior-
759 1521 886 1584 turmot
907 1521 1047 1605 qnaeris:
1075 1520 1119 1586 sio
1141 1459 1261 1606 legitur

211 1611 230 1639 ‘¹
246 1603 474 1688 antiquissimis
489 1605 637 1705 Cypriani
653 1612 687 1670 et
702 1605 889 1670 Tertulliani
905 1605 1165 1692 exemplaribus.”
1195 1605 1259 1668 Ex-

209 1695 261 1753 tat
275 1711 371 1773 porro
385 1690 529 1755 Minor
542 1711 574 1754 m
590 1691 682 1755 oodd.
698 1691 822 1756 duobus
837 1691 919 1754 Novi
930 1690 1069 1839 Colleqii,
1085 1691 1260 1756 Druriano-

210 1795 272 1859 que
284 1775 449 1840 vetustiori
460 1798 498 1840 ao
509 1776 718 1841 Tewaterano
726 1777 814 1840 meis.
838 1777 914 1840 Vox
923 1777 1022 1841 Tertu
1034 1777 1108 1840 liani
1118 1783 1177 1854 est,
1187 1797 1260 1840 oum

209 1860 285 1925 alibi
300 1868 414 1926 extans
428 1869 498 1926 tum
514 1863 611 1926 etiam
626 1863 659 1926 in
682 1863 751 1948 ipso
771 1862 832 1926 hoo
848 1862 1049 1948 Apologetioi
1071 1862 1150 1940 loeo,
1166 1883 1260 1948 quem

210 1945 272 2011 huo
296 1947 462 2011 transtulit
477 1948 663 2033 Cyprianus.
708 1947 774 2012 Pro
803 1947 915 2012 eadem
939 1957 1036 2012 rector
1064 1947 1163 2012 habet
1187 1946 1259 2013 MS.

210 2030 390 2097 Drurianus
403 2034 570 2108 recentior,
586 2033 688 2098 doctor
703 2034 981 2098 Meermannanus.

255 2117 339 2182 lbid.
361 2119 382 2181 l.
403 2140 436 2203 3.
461 2119 526 2184 Hio
548 2127 598 2184 est
620 2121 720 2184 virtus
746 2119 817 2197 Dei,
842 2120 914 2204 loo]
939 2119 1153 2184 Tertullianus
1176 2123 1259 2204 Apo-

210 2201 294 2303 doqet.
312 2225 382 2288 oap.
398 2223 449 2290 23.
484 2206 547 2269 Dei
569 2206 677 2282 artus,
696 2216 724 2270 el
746 2207 810 2269 Dei
829 2205 965 2290 spiritus,
989 2213 1017 2269 et
1037 2227 1140 2282 somno,
1163 2214 1192 2268 et
1211 2227 1260 2268 sae

204 2291 337 2373 pamla,
352 2300 380 2353 ot
398 2292 489 2370 ratio,
503 2301 532 2355 et
546 2285 610 2355 Dei
624 2292 742 2356 Filius.
789 2291 906 2357 Confer
925 2298 959 2356 et
978 2291 1104 2354 initium
1123 2291 1177 2354 lib.
1192 2291 1261 2354 e'us

210 2374 248 2438 de
265 2376 417 2452 Oratim,
438 2399 534 2463 supra
555 2399 630 2464 pag.
645 2396 698 2461 97.
744 2377 798 2442 Ite.
821 2383 855 2441 et
877 2376 910 2440 in
932 2377 1136 2462 sequentibus
1157 2312 1258 2441 multa

210 2459 271 2524 huo
286 2461 445 2526 translata
467 2471 541 2528 sunt
562 2485 602 2528 ex
617 2484 685 2547 oap.
700 2482 749 2528 20.
769 2463 869 2548 ejusd.
884 2462 1039 2548 Apoloqst.
1056 2461 1258 2548 quemadmo-

212 2545 289 2610 dum
318 2548 350 2610 in
376 2570 412 2612 su
453 2549 590 2614 rioribus
612 2549 749 2635 plurimu
768 2551 836 2635 jam
862 2558 938 2614 ante
962 2549 1116 2614 debuerat
1145 2556 1259 2614 auotor

213 2632 355 2697 Minuoio
371 2571 479 2700 Fellbi.

255 2719 336 2782 lbid.
352 2719 373 2782 l.
384 2739 415 2804 5.
439 2721 471 2784 in
492 2721 643 2807 virginem
664 2721 836 2807 delabitur]
863 2721 1018 2802 Quoniam
1038 2722 1099 2784 hoo
1120 2742 1179 2807 pro
1194 2719 1258 2784 vul-

210 2811 288 2887 gato
302 2803 450 2882 illabitur,
466 2813 533 2870 tres
547 2807 699 2870 exhibent
717 2807 840 2870 eodioes
859 2807 891 2868 in
907 2807 983 2870 edit.
999 2807 1102 2872 Oxon.
1118 2806 1258 2882 adducti,

211 2894 246 2951 et
267 2895 334 2953 tres
353 2889 397 2952 illi
417 2890 503 2974 apud
523 2892 649 2955 Novum
671 2891 854 2976 Collegium
876 2893 1000 2976 meique
1020 2891 1130 2955 itidem
1150 2913 1259 2955 manu-

212 2973 332 3058 soripti,
348 2975 432 3038 idem
447 2997 506 3061 ego
521 2976 656 3061 praetuli,
667 2978 753 3060 quod
768 2984 802 3040 et
811 2976 886 3040 iecit
897 2976 1074 3040 Lindnerus
1090 2975 1259 3040 Cellarium

212 3067 348 3124 seoutus.
396 3061 534 3125 Verbum
548 3069 684 3146 praestat
700 3061 924 3126 Tertullianus.

256 3145 338 3210 lbid.
347 3167 488 3246 ‘earnem
510 3147 648 3232 Spiritus
663 3145 813 3246 ‘Sanetus'
824 3145 980 3230 induitur]
1005 3145 1121 3210 Confer
1135 3145 1222 3210 Rom.
1237 3147 1259 3210 i.

212 3252 243 3316 3,
255 3231 446 3382 ibidbldllud
457 3232 976 3401 ngqqeffintihgtstqqrgaeqffiqquqt
996 3339 1066 3401 quae
1141 3324 1260 3382 uuntur

211 3403 310 3550 {ormo
329 3410 438 3553 ᾗιιιῐιιιι
457 3413 532 3469 sunt
547 3403 653 3468 omnia
668 3425 707 3468 ex
723 3404 827 3488 eapite
844 3422 895 3467 21.
913 3401 1112 3489 Apologetioi
1164 3402 1260 3468 ertul-

225 3509 298 3552 1am.
360 3513 447 3553 sinz.

258 3575 339 3639 lbid.
363 3576 383 3640 l.
399 3595 444 3639 11.
471 3575 673 3639 monentibus
700 3575 966 3661 adnumiabatur]
993 3573 1088 3639 Hane
1112 3571 1261 3638 editionis

212 3660 368 3762 prinoipis·
385 3661 561 3762 lectionem,
584 3682 681 3746 quom
702 3661 832 3725 firmant
853 3667 976 3761 septem
998 3659 1111 3725 saltem
1137 3659 1261 3724 oodioos

212 3745 985 3918 mtttltl'lfi.¹'‘tl⁰tt.“ltttlt{tut
999 3831 1135 3896 nomn.
1149 3830 1258 3918 funge-

212 3919 314 4002 retur]
335 3918 427 4000 Quod
441 3919 605 3983 obseurius
619 3918 671 3982 hio
686 3918 812 4004 seripsit
826 3925 947 3995 auctor,
963 3917 994 3981 in
1011 3915 1156 3982 omnibus
1170 3915 1259 3981 libris

212 4010 313 4068 extat.

258 4088 340 4153 lbid.
354 4089 374 4152 l.
392 4109 444 4171 oq.
468 4089 695 4153 existimabant
716 4109 845 4174 magum
867 4088 907 4152 de
928 4088 1056 4152 lieentia
1070 4087 1257 4173 potestatis]

213 4173 360 4239 Positum
377 4182 429 4239 est
450 4173 573 4238 lumin
588 4175 746 4260 micuere
763 4195 822 4260 pro
842 4195 880 4238 eo
896 4173 982 4274 quod
1000 4181 1059 4246 est,
1082 4173 1260 4259 amplitudo

213 4260 291 4343 ejus.
319 4260 533 4325 Tertullianus
548 4282 616 4345 oap.
632 4281 681 4324 20.
707 4261 919 4346 Apologetior‚
938 4261 1029 4339 Quom
1044 4260 1141 4345 ἐρίων
1152 4259 1260 4324 mom

214 4345 299 4411 modo
319 4347 465 4410 hominem
490 4355 748 4432 praemmpsmot
769 4345 807 4410 do
832 4345 1010 4422 turraeilitole,
1032 4343 1207 4430 mistui·
1228 4355 1261 4408 ut

711 4455 768 4496 XX
