3294 5192
395 469 461 544 896
811 467 1030 534 CANONES

396 650 469 725 raia
499 641 710 747 σωζομένων
739 639 814 722 ἀπὸ
848 644 1031 744 αίρετικῶν
1060 634 1255 742 δεχόμεθαξ
1266 634 1358 716 κατὰ
1386 634 1454 734 τὴν

398 771 683 873 ὑποτεταγμένην
709 770 924 850 ἀκολουθίαν
950 768 1009 846 καὶ
1036 763 1242 864 συνήθειαν.
1306 766 1450 866 Ἀρεια·

401 898 482 982 votis
505 897 571 998 μὲν
600 898 659 975 καὶ
688 891 975 976 Μακεδονιανοὺς
1005 894 1064 972 καὶ
1094 888 1367 988 Σαββοτιανοὺς
1396 893 1456 969 καὶ

403 1020 649 1108 Ναυατιανοὺς
683 1021 765 1106 τοὺς
804 1021 977 1124 λέγοντας
1010 1017 1154 1103 ἑαυτοὺς
1186 1016 1364 1121 καθαροὺς
1396 1019 1457 1096 καὶ

403 1152 669 1256 καθαροντέρους
708 1151 783 1249 (vid.
798 1157 914 1256 nomm)
953 1151 1012 1228 καὶ
1055 1144 1137 1232 τοὺς
1174 1151 1484 1248 Τεσσαρεσκαι-ς

403 1279 585 1363 δεκατίτας
622 1277 735 1357 ε’ίτουν
772 1275 1000 1379 Τετραθίτας,
1033 1277 1093 1353 καὶ
1123 1270 1459 1374 Ἀτολλιναριοτᾶς

404 1404 579 1510 δεχόμεθα
612 1401 773 1488 διδόντας
806 1401 1012 1501 λιβέλλους,
1050 1404 1108 1481 καὶ
1140 1396 1459 1500 ἀναθεματιξοντας

404 1539 531 1614 πᾶσαν
553 1531 703 1635 αἵρεσιν,
725 1527 776 1628 μὴ
802 1534 1012 1634 φρονοῦσαν
1030 1530 1079 1610 ὡς
1102 1527 1269 1633 ΦΡΟνεῖὴ
1291 1526 1377 1627 ἁγία
1394 1532 1459 1604 τοῦ

407 1666 503 1742 Θεοῦ
522 1655 697 1758 καθολικὴ
716 1659 775 1737 καὶ
792 1654 1019 1757 ἀποοτολικῆ
1040 1655 1223 1756 ἐκκλησία·
1254 1655 1312 1734 καὶ
1330 1658 1457 1758 σφρα-

406 1785 607 1890 γιζομένους
636 1784 716 1886 ἤτοι
746 1785 953 1889 χρωμένους
979 1790 1123 1887 πρῶτον
1149 1787 1201 1889 τῷ
1230 1782 1321 1888 ἁγίῳ
1348 1779 1461 1888 μύρῳ,
1474 1821 1514 1861 ιο

408 1912 450 1996 τό
478 1949 516 1996 τε
548 1913 714 2014 μέτωπον
742 1909 910 1996 καὶτοὺς
938 1909 1150 2018 ὀφθαλμοὺς
1177 1911 1235 1988 καὶ
1267 1907 1332 1992 τὰς
1362 1910 1462 2012 ῥῖνας

409 2038 528 2122 καὶτὸ
546 2036 669 2130 στόμα
689 2041 747 2118 καὶ
768 2037 815 2117 τὰ
836 2035 923 2119 ὦτα.
955 2043 1014 2118 καὶ
1039 2034 1300 2145 σφραγίζοντες
1324 2032 1462 2135 αὐτοὺς,

409 2167 580 2271 λέγομεν·
612 2168 778 2271 Σφραγὶς
798 2167 932 2270 δωρεᾶς
956 2164 1167 2264 Πνεύματος
1191 2162 1305 2265 ἁγίου.
1343 2163 1461 2243 Εὐνο-

409 2291 558 2393 μιανούς
590 2293 656 2392 μέν
692 2325 748 2372 τοι
779 2288 861 2376 τοὺς
893 2297 940 2376 εἰς
976 2292 1062 2390 μίαν
1098 2287 1295 2371 κατάδυσιν
1326 2295 1461 2384 {iamt-

410 2419 579 2524 ῷμὲνους
606 2422 665 2498 καὶ
695 2416 953 2504 Μοντανιστᾶς
971 2417 1053 2504 τοὺς
1075 2421 1227 2498 ἐνταῦθα
1251 2415 1514 2519 λεγομᾶκουςῐὸ

412 2545 572 2649 Φρύγας,
600 2548 659 2625 καὶ
692 2543 962 2641 Σαβελλιανοῦς
990 2542 1073 2630 τοὺς
1104 2546 1333 2650 υίοπατορίαν
1368 2539 1466 2622 διδοί-

412 2705 579 2770 σκοντας,
607 2674 666 2752 καὶ
690 2670 794 2775 ἕτεροί
818 2706 898 2752 τινα
921 2672 1068 2778 χαλεπὰ
1089 2681 1290 2756 ποιοῦντας·
1319 2674 1377 2752 καὶ
1402 2668 1468 2754 τὰς

414 2799 532 2884 ἄλλας
556 2795 680 2883 πάσας
705 2798 858 2900 αἱρέσεις
880 2798 1016 2908 (ἐπειδὴ
1033 2801 1173 2880 πολλοί
1195 2805 1286 2878 εἰσιν
1303 2801 1467 2896 ἐνταῦθα,

413 2924 578 3026 μα’λιστα
595 2931 629 3006 ai
648 2925 719 3006 ἀπὸ
733 2930 797 3025 τῆς
811 2930 989 3006 Γαλατῶν
1001 2927 1121 3031 χώρας
1139 2924 1357 3032 ἐρχόμενοι)·
1376 2921 1469 3005 τοίν-

416 3088 481 3138 τας
498 3050 582 3138 τοὺς
599 3055 660 3134 ἀπ’
680 3055 796 3133 αὐτῶν
813 3054 987 3138 θελοισας
1003 3055 1267 3158 προστίθεσθαι
1285 3057 1330 3157 τῇ
1357 3054 1464 3154 ὀρθο·
1479 3089 1520 3130 20

417 3263 560 3322 hereticis
577 3275 739 3330 serventur,
754 3263 919 3341 recipimus,
961 3264 1123 3330 morulas,
1145 3273 1175 3322 et
1196 3283 1289 3331 nares,
1314 3274 1345 3322 et
1368 3282 1411 3331 os,
1435 3273 1466 3320 et

418 3342 577 3402 seeundum
598 3343 757 3420 subjectam
782 3343 830 3401 hic
852 3363 920 3401 eon·
962 3363 1055 3403 aures.
1098 3345 1139 3402 Et
1157 3363 1206 3401 eos
1225 3344 1371 3422 signantes
1392 3341 1466 3400 diei-

420 3423 602 3499 sequeutiam
621 3433 651 3481 et
669 3423 919 3482 consuetudinem.
962 3444 1036 3491 mus,
1052 3424 1240 3503 Sigaaaalum
1254 3423 1321 3482 doni
1337 3421 1466 3502 Spiritus

419 3502 545 3562 Arianos
559 3502 687 3580 quidem,
702 3515 733 3562 et
751 3502 920 3562 Macedoni.
964 3505 1074 3564 Sancti.
1098 3504 1193 3581 Atqui
1200 3501 1467 3579 Eunomianoa,qui

419 3602 499 3650 anos,
514 3594 545 3641 et
560 3584 759 3650 Sabbatiauos,
774 3594 804 3643 et
821 3581 922 3642 Nova.
963 3585 993 3642 in
1018 3605 1105 3644 unam
1134 3585 1346 3642 immersionem
1370 3583 1467 3661 bapti-

420 3663 523 3732 tianos,
545 3663 595 3740 qui
616 3662 718 3724 dieunt
737 3665 846 3744 seipsos
866 3664 921 3722 Ca·
964 3675 1086 3736 tantum
1101 3675 1131 3724 et
1142 3664 1348 3732 Montanistas,
1359 3663 1408 3740 qui
1419 3663 1468 3722 hic

420 3742 517 3801 tharas
531 3753 562 3800 et
575 3742 734 3812 Aristeros,
746 3755 776 3804 et
788 3745 921 3802 Tessera-
964 3745 1101 3804 dicuutur
1122 3744 1263 3824 Phryges,
1285 3754 1315 3802 et
1344 3741 1467 3802 Sabelli-

420 3821 569 3890 decatitas,
581 3823 642 3882 sive
653 3824 828 3894 Tetraditas,
838 3835 868 3882 at
878 3824 923 3883 A.
964 3846 1042 3892 anos,
1058 3827 1108 3903 qui
1122 3825 1256 3884 eumdem
1271 3845 1333 3884 esse
1349 3823 1467 3882 Patrem

420 3901 624 3981 pollinaristas,
641 3903 804 3983 recipimus,
821 3904 923 3964 dantes
963 3916 993 3964 et
1009 3906 1118 3965 Filium
1129 3906 1296 3984 opinantur,
1309 3916 1466 3981 utrumque

421 3981 539 4060 quidem
552 3981 676 4056 libellos,
691 3995 721 4044 et
735 4005 849 4044 omnem
864 3985 921 4042 he·
964 3985 1050 4045 simul
1064 3985 1287 4052 confundentes,
1297 3997 1327 4044 et
1337 3983 1393 4044 alia
1403 4003 1467 4062 gra·

421 4063 507 4122 resim
540 4064 827 4136 anathematizantes,
859 4085 924 4143 quae
965 4067 1012 4126 via
1025 4077 1055 4126 et
1069 4065 1188 4145 indigna
1201 4066 1329 4125 faciunt:
1352 4075 1383 4124 et
1397 4063 1469 4122 alias

421 4161 479 4201 non
493 4143 583 4202 sentit
597 4155 631 4202 ut
645 4157 743 4204 saneta
756 4145 813 4204 Dei
825 4145 922 4204 catha·
964 4167 1065 4206 omnes
1092 4146 1231 4206 haereses:
1263 4146 1399 4224 quoniam
1420 4143 1470 4201 hie

420 4220 476 4281 liea
497 4233 526 4282 et
547 4224 705 4302 apostoliea
727 4225 864 4292 ecelesia:
893 4238 924 4286 et
965 4225 1050 4286 multi
1065 4238 1133 4286 sunt
1148 4227 1285 4295 haeretiei,
1300 4237 1330 4285 et
1343 4225 1471 4284 maxime

420 4301 557 4378 signatos,
583 4304 641 4362 sive
667 4316 770 4364 unetos
797 4305 923 4383 primum
964 4309 1013 4385 qui
1036 4327 1073 4368 ex
1094 4307 1264 4366 Galatarum
1279 4307 1396 4384 regione
1419 4323 1471 4363 ve.

421 4393 520 4440 saneto
542 4382 705 4454 chrismate,
730 4397 761 4444 et
785 4385 921 4454 frontem,
964 4387 1067 4446 aiunt:
1093 4387 1269 4466 quicumque
1281 4407 1316 4447 ex
1328 4387 1372 4446 his
1383 4396 1470 4444 ταυτα
