3316 5198
383 458 446 520 lla
735 450 1076 516 TERTULLIANI

384 633 419 700 iu
448 630 689 722 episcopatum
718 628 940 708 constitutos,
971 624 1154 718 apostolici
1184 623 1328 693 seminis
1361 631 1433 693 trae

384 747 492 816 duces
516 745 671 816 habeant
697 740 788 838 (sor.
814 743 957 825 habent,
975 739 1165 833 Latinior).
1218 739 1432 834 Confingant

386 861 458 932 tale
480 860 612 953 aliquid
638 860 807 930 haeretici.
861 857 957 942 Quid
974 859 1070 929 enim
1087 855 1157 926 illis
1173 865 1254 949 post
1270 855 1433 949 blasphe-

385 978 494 1048 miam
523 977 699 1047 inlicitum
734 975 813 1046 esti
850 973 932 1057 Sed,
968 976 1035 1044 etsi
1068 972 1314 1056 confinxerint,
1343 972 1431 1043 nihil

385 1092 653 1184 promovebunt.
731 1090 814 1182 Ipsa
853 1091 948 1160 enim
989 1092 1149 1161 doctrina
1184 1111 1307 1160 eorum
1349 1109 1459 1169 cums

385 1209 578 1300 apostolica
598 1215 809 1300 comparata,
827 1230 873 1278 ex
899 1208 1102 1278 diversitate
1127 1215 1166 1278 et
1182 1205 1433 1277 contrarietate

384 1347 447 1394 sua
480 1323 732 1416 pronuntiabit,
767 1345 882 1414 neque
915 1321 1065 1415 apostoli
1099 1322 1247 1415 alicujus
1280 1323 1433 1393 auctoris

384 1463 470 1522 esse,
501 1463 616 1532 neque
643 1438 846 1532 apostolici:
873 1440 955 1531 quia
984 1440 1076 1509 sicut
1101 1439 1251 1533 apostoli
1281 1461 1352 1508 non
1383 1439 1435 1508 di-

386 1579 485 1626 versa
517 1557 611 1625 inter
644 1575 681 1626 se
716 1554 951 1637 docuissent3
990 1555 1041 1624 ita
1074 1565 1112 1625 et
1145 1554 1328 1647 apostolici
1363 1577 1433 1624 non

384 1673 559 1742 contraria
575 1670 743 1763 apostolis
761 1670 962 1752 edidissent,
976 1671 1043 1740 nisi
1061 1669 1111 1740 illi
1130 1672 1191 1762 qui
1208 1671 1254 1741 ab
1267 1671 1477 1763 apostolisor

385 1788 617 1869 desciverunt,
635 1795 673 1856 et
690 1785 795 1856 aliter
811 1786 1102 1876 praedicaverunt.
1129 1784 1191 1857 Ad
1206 1785 1298 1857 hanc
1315 1789 1435 1878 itaque

386 1905 533 1974 formam
564 1902 850 1995 provocabuntur
879 1902 924 1971 ab
954 1899 1024 1972 illis
1048 1902 1215 1988 ecclesiis,
1239 1927 1320 1995 quae
1350 1903 1436 1974 licet

385 2019 522 2089 nullum
549 2042 595 2088 ex
618 2017 786 2110 apostolis
813 2017 870 2087 vel
892 2016 1093 2109 apostolicis
1118 2026 1300 2089 auctorem
1331 2041 1434 2090 suum

385 2136 574 2226 proferant,
592 2142 633 2203 ut
649 2133 765 2216 multo
779 2133 999 2225 posteriores,
1011 2156 1092 2224 quae
1106 2135 1260 2228 denique
1276 2137 1435 2228 quotidie

387 2252 641 2320 instituuntur:
668 2257 789 2319 tamen
807 2249 844 2317 in
866 2248 991 2318 eadem
1008 2248 1078 2318 lide
1096 2252 1345 2343 conspirantes,
1363 2275 1435 2323 non
1448 2276 1456 2315 ι
1465 2275 1481 2334 5

386 2367 502 2436 urinus
536 2363 738 2456 apostolicae
774 2363 991 2456 deputantur
1023 2387 1086 2456 pro
1129 2369 1435 2459 consanguinitate

386 2482 567 2552 doctrinm
620 2479 678 2550 Ita
699 2501 821 2549 omnes
844 2478 996 2548 haereses
1019 2480 1064 2549 ad
1082 2488 1268 2573 utramque
1287 2482 1435 2554 formam

385 2621 406 2666 a
439 2596 567 2666 nostris
602 2594 758 2666 ecclesiis
792 2602 1003 2686 provocatae,
1040 2596 1191 2687 probant
1225 2619 1263 2668 se
1297 2619 1436 2691 quaqua

385 2720 512 2803 putant
530 2710 749 2802 apostolicas.
802 2709 873 2780 Sed
897 2710 986 2780 adeo
1011 2735 1076 2782 nec
1094 2722 1186 2795 sunt,
1205 2737 1271 2784 nec
1287 2716 1435 2807 probare

386 2835 552 2918 possunt3
578 2824 673 2916 quod
698 2848 769 2894 non
795 2833 888 2906 sunt,
914 2847 980 2896 nec
1006 2827 1224 2919 recipiuntur
1248 2829 1285 2898 in
1310 2851 1434 2921 paoem
1446 2861 1484 2900 20

386 2953 423 3014 et
441 2942 798 3014 communicationem
822 2940 867 3011 ab
894 2940 1051 3012 ecclesiis
1071 2967 1212 3036 quoquo
1228 2945 1335 3016 modo
1352 2969 1435 3040 apo-

386 3059 540 3130 stolicis:
575 3057 710 3130 scilicet
737 3058 783 3130 ob
817 3058 1059 3128 diversitatem
1094 3063 1302 3134 sacramenti
1336 3061 1435 3134 nullo

386 3176 493 3246 modo
518 3172 732 3266 apostolicae.

258 3310 343 3360 can
437 3288 604 3359 Adhibeo
631 3288 840 3381 superhaec
871 3290 1026 3381 ipsamm
1050 3289 1289 3362 doctrinarum
1315 3317 1437 3388 recog-

235 3375 364 3424 ΧΧΧῙΗ·
387 3405 568 3486 nitionem,
587 3427 668 3495 quae
686 3410 772 3473 tnnc
790 3403 855 3472 sub
876 3403 1044 3495 apostolis
1068 3403 1221 3490 fuerunt,
1238 3408 1284 3478 ab
1309 3409 1435 3480 iisdem
1447 3439 1482 3501 ²5

386 3519 554 3612 apostolis
580 3527 618 3590 ct
641 3521 893 3590 demonstratae
921 3527 959 3588 et
983 3520 1162 3612 dejeratae.
1215 3522 1312 3594 Nam
1330 3527 1434 3596 etsie

387 3636 524 3708 facilius
547 3637 797 3708 traducentur:
823 3636 911 3704 dum
937 3644 1001 3705 aut
1021 3637 1099 3728 jam
1127 3646 1213 3709 tunc
1243 3640 1351 3712 irrisae
1374 3641 1436 3712 de-

386 3753 671 3847 prehendentur3
698 3759 761 3822 aut
786 3775 833 3822 ex
861 3750 940 3835 illis,
967 3775 1048 3844 quae
1069 3754 1145 3846 jam
1170 3763 1256 3826 tunc
1280 3755 1434 3840 fuerunt,

295 3901 354 3935 -xc
387 3871 522 3942 semina
548 3869 746 3960 sumpsisse.
799 3867 932 3938 Paulus
962 3869 999 3938 in
1025 3870 1139 3961 prima
1161 3872 1206 3941 ad
1232 3870 1435 3944 Corinthios

386 3996 488 4058 notat
504 3994 691 4081 negatores
716 3993 753 4055 et
771 3984 990 4056 dubitatores
1015 3989 1289 4059 resurrectionis.
1342 3988 1434 4058 Haec
1445 4025 1486 4081 30

387 4105 505 4194 opinio
529 4105 670 4198 propria
697 4101 998 4176 Sadducaeorum:
1024 4111 1162 4195 partem
1187 4105 1263 4196 ejus
1289 4111 1435 4195 usurpat

389 4217 561 4301 Marcion,
593 4229 630 4290 et
657 4217 815 4311 Apelles,
844 4227 881 4288 et
905 4217 1130 4302 Valentinus,
1156 4227 1194 4289 et
1224 4221 1253 4290 si
1287 4221 1347 4312 qui
1374 4217 1435 4288 alii

273 4377 311 4408 a.
387 4337 678 4406 resurrectionem
713 4337 826 4408 caruis
861 4335 1067 4428 infringunt.
1133 4335 1181 4408 Et
1209 4337 1253 4407 ad
1289 4334 1437 4407 Galatas
