<?xml version="1.0" encoding="UTF-8"?>
<!DOCTYPE html PUBLIC "-//W3C//DTD XHTML 1.0 Transitional//EN"
    "http://www.w3.org/TR/xhtml1/DTD/xhtml1-transitional.dtd">
<html xmlns="http://www.w3.org/1999/xhtml" xml:lang="en" lang="en">
 <head>
  <title>
</title>
<meta http-equiv="Content-Type" content="text/html;charset=utf-8" />
  <meta name='ocr-system' content='tesseract 3.04.00' />
  <meta name='ocr-capabilities' content='ocr_page ocr_carea ocr_par ocr_line ocrx_word'/>
</head>
<body>
  <div class='ocr_page' id='page_1' title='image "./scriptorumeccle00routgoog_0107.png"; bbox 0 0 3316 5198; ppageno 0'>
   <div class='ocr_carea' id='block_1_1' title="bbox 401 473 1115 541">
    <p class='ocr_par' dir='ltr' id='par_1_1' title="bbox 401 473 1115 541">
     <span class='ocr_line' id='line_1_1' title="bbox 401 473 1115 541; baseline -0.007 0"><span class='ocrx_word' id='word_1_1' title='bbox 401 476 444 541; x_wconf 89' lang='grc'>90</span> <span class='ocrx_word' id='word_1_2' title='bbox 736 473 1115 537; x_wconf 86' lang='lat' dir='ltr'><strong>ANNOTATIONES</strong></span> 
     </span>
    </p>
   </div>
   <div class='ocr_carea' id='block_1_2' title="bbox 382 641 1449 4076">
    <p class='ocr_par' dir='ltr' id='par_1_2' title="bbox 399 641 1449 988">
     <span class='ocr_line' id='line_1_2' title="bbox 401 641 1449 729; baseline 0 -23"><span class='ocrx_word' id='word_1_3' title='bbox 401 645 436 708; x_wconf 78' lang='grc' dir='ltr'>οὗ</span> <span class='ocrx_word' id='word_1_4' title='bbox 452 644 557 725; x_wconf 67' lang='grc' dir='ltr'>Πατὴρ</span> <span class='ocrx_word' id='word_1_5' title='bbox 571 645 742 708; x_wconf 76' lang='grc' dir='ltr'>πιστεύεται</span> <span class='ocrx_word' id='word_1_6' title='bbox 762 647 914 729; x_wconf 72' lang='grc' dir='ltr'>οἰκονομίᾳ</span> <span class='ocrx_word' id='word_1_7' title='bbox 937 647 1111 727; x_wconf 77' lang='grc' dir='ltr'>συμφωνίας</span> <span class='ocrx_word' id='word_1_8' title='bbox 1133 641 1318 724; x_wconf 76' lang='grc' dir='ltr'>συνάγεσθαι</span> <span class='ocrx_word' id='word_1_9' title='bbox 1338 645 1379 709; x_wconf 77' lang='grc' dir='ltr'>είς</span> <span class='ocrx_word' id='word_1_10' title='bbox 1395 643 1449 707; x_wconf 73' lang='grc' dir='ltr'>ἕνα</span> 
     </span>
     <span class='ocr_line' id='line_1_3' title="bbox 401 727 1449 814; baseline -0.003 -20"><span class='ocrx_word' id='word_1_11' title='bbox 401 732 494 794; x_wconf 85' lang='grc' dir='ltr'>Θεόν·</span> <span class='ocrx_word' id='word_1_12' title='bbox 528 729 576 794; x_wconf 91' lang='lat' dir='ltr'>vel</span> <span class='ocrx_word' id='word_1_13' title='bbox 604 729 721 814; x_wconf 81' lang='lat' dir='ltr'>potius,</span> <span class='ocrx_word' id='word_1_14' title='bbox 748 733 785 795; x_wconf 85' lang='grc' dir='ltr'>δι’</span> <span class='ocrx_word' id='word_1_15' title='bbox 812 733 847 795; x_wconf 80' lang='grc' dir='ltr'>ού</span> <span class='ocrx_word' id='word_1_16' title='bbox 877 731 982 812; x_wconf 77' lang='grc' dir='ltr'>Πατὴρ</span> <span class='ocrx_word' id='word_1_17' title='bbox 1009 727 1190 803; x_wconf 73' lang='grc' dir='ltr'>πιστεύεται,</span> <span class='ocrx_word' id='word_1_18' title='bbox 1219 729 1268 792; x_wconf 80' lang='grc' dir='ltr'>καὶ</span> <span class='ocrx_word' id='word_1_19' title='bbox 1296 730 1449 812; x_wconf 75' lang='grc' dir='ltr'>οἰκονομίᾳ</span> 
     </span>
     <span class='ocr_line' id='line_1_4' title="bbox 400 814 1448 901; baseline -0.001 -22"><span class='ocrx_word' id='word_1_20' title='bbox 400 817 575 898; x_wconf 82' lang='grc' dir='ltr'>συμφωνίας</span> <span class='ocrx_word' id='word_1_21' title='bbox 590 815 751 898; x_wconf 76' lang='grc' dir='ltr'>συνάγεται</span> <span class='ocrx_word' id='word_1_22' title='bbox 765 819 807 884; x_wconf 80' lang='grc' dir='ltr'>είς</span> <span class='ocrx_word' id='word_1_23' title='bbox 822 817 876 882; x_wconf 77' lang='grc' dir='ltr'>ἕνα</span> <span class='ocrx_word' id='word_1_24' title='bbox 887 816 980 892; x_wconf 86' lang='grc' dir='ltr'>Θεὸν,</span> <span class='ocrx_word' id='word_1_25' title='bbox 993 837 1064 881; x_wconf 87' lang='lat' dir='ltr'>oum</span> <span class='ocrx_word' id='word_1_26' title='bbox 1074 814 1232 901; x_wconf 77' lang='lat' dir='ltr'>particula</span> <span class='ocrx_word' id='word_1_27' title='bbox 1247 815 1295 879; x_wconf 80' lang='lat' dir='ltr'>sol</span> <span class='ocrx_word' id='word_1_28' title='bbox 1309 815 1343 879; x_wconf 89' lang='lat' dir='ltr'>in</span> <span class='ocrx_word' id='word_1_29' title='bbox 1351 815 1448 880; x_wconf 87' lang='lat' dir='ltr'>verbo</span> 
     </span>
     <span class='ocr_line' id='line_1_5' title="bbox 399 901 846 988; baseline 0.002 -22"><span class='ocrx_word' id='word_1_30' title='bbox 399 903 572 966; x_wconf 75' lang='grc' dir='ltr'>πιστεύεται</span> <span class='ocrx_word' id='word_1_31' title='bbox 585 901 739 988; x_wconf 82' lang='lat' dir='ltr'>absorpto</span> <span class='ocrx_word' id='word_1_32' title='bbox 752 909 846 967; x_wconf 85' lang='lat' dir='ltr'>esset.</span> 
     </span>
    </p>

    <p class='ocr_par' dir='ltr' id='par_1_3' title="bbox 444 986 1407 1074">
     <span class='ocr_line' id='line_1_6' title="bbox 444 986 1407 1074; baseline 0.003 -25"><span class='ocrx_word' id='word_1_33' title='bbox 444 987 482 1050; x_wconf 93' lang='lat' dir='ltr'>P.</span> <span class='ocrx_word' id='word_1_34' title='bbox 497 1003 547 1070; x_wconf 88' lang='lat'>70.</span> <span class='ocrx_word' id='word_1_35' title='bbox 563 987 583 1049; x_wconf 93' lang='lat' dir='ltr'>l.</span> <span class='ocrx_word' id='word_1_36' title='bbox 595 1003 627 1074; x_wconf 81' lang='lat'>5.</span> <span class='ocrx_word' id='word_1_37' title='bbox 641 986 682 1052; x_wconf 81' lang='lat'>‘0</span> <span class='ocrx_word' id='word_1_38' title='bbox 695 991 753 1072; x_wconf 84' lang='grc' dir='ltr'>γάρ</span> <span class='ocrx_word' id='word_1_39' title='bbox 768 990 899 1054; x_wconf 83' lang='grc' dir='ltr'>κελεύων</span> <span class='ocrx_word' id='word_1_40' title='bbox 913 989 1030 1073; x_wconf 69' lang='grc' dir='ltr'>Πατὴρ]</span> <span class='ocrx_word' id='word_1_41' title='bbox 1049 988 1104 1052; x_wconf 87' lang='lat' dir='ltr'>An</span> <span class='ocrx_word' id='word_1_42' title='bbox 1119 988 1137 1050; x_wconf 83' lang='grc' dir='ltr'><strong>ὅ</strong></span> <span class='ocrx_word' id='word_1_43' title='bbox 1151 1012 1187 1068; x_wconf 84' lang='grc' dir='ltr'>γε</span> <span class='ocrx_word' id='word_1_44' title='bbox 1203 988 1333 1052; x_wconf 80' lang='grc' dir='ltr'>κελεύων</span> <span class='ocrx_word' id='word_1_45' title='bbox 1347 988 1407 1052; x_wconf 77' lang='lat' dir='ltr'>l&#39;l.l</span> 
     </span>
    </p>

    <p class='ocr_par' dir='ltr' id='par_1_4' title="bbox 382 1071 1449 1912">
     <span class='ocr_line' id='line_1_7' title="bbox 445 1071 1448 1158; baseline 0.004 -23"><span class='ocrx_word' id='word_1_46' title='bbox 445 1071 526 1137; x_wconf 90' lang='lat' dir='ltr'>Ibid.</span> <span class='ocrx_word' id='word_1_47' title='bbox 542 1072 562 1137; x_wconf 93' lang='lat' dir='ltr'>l.</span> <span class='ocrx_word' id='word_1_48' title='bbox 579 1091 608 1156; x_wconf 87' lang='lat'>7.</span> <span class='ocrx_word' id='word_1_49' title='bbox 623 1071 662 1138; x_wconf 89' lang='grc' dir='ltr'><strong>Ὁ</strong></span> <span class='ocrx_word' id='word_1_50' title='bbox 683 1072 726 1139; x_wconf 80' lang='grc' dir='ltr'>ἀν</span> <span class='ocrx_word' id='word_1_51' title='bbox 742 1073 815 1158; x_wconf 86' lang='lat' dir='ltr'>(for.</span> <span class='ocrx_word' id='word_1_52' title='bbox 831 1075 897 1156; x_wconf 82' lang='grc' dir='ltr'>σύν)</span> <span class='ocrx_word' id='word_1_53' title='bbox 919 1075 1024 1156; x_wconf 69' lang='grc' dir='ltr'>Πατὴρ</span> <span class='ocrx_word' id='word_1_54' title='bbox 1047 1074 1096 1138; x_wconf 73' lang='grc' dir='ltr'>ἐπὶ</span> <span class='ocrx_word' id='word_1_55' title='bbox 1119 1072 1248 1146; x_wconf 78' lang='grc' dir='ltr'>πάντων,</span> <span class='ocrx_word' id='word_1_56' title='bbox 1277 1075 1293 1134; x_wconf 84' lang='grc' dir='ltr'>ὁ</span> <span class='ocrx_word' id='word_1_57' title='bbox 1320 1074 1352 1137; x_wconf 72' lang='grc' dir='ltr'>δὲ</span> <span class='ocrx_word' id='word_1_58' title='bbox 1375 1071 1448 1139; x_wconf 71' lang='grc' dir='ltr'>Υἱὸς</span> 
     </span>
     <span class='ocr_line' id='line_1_8' title="bbox 401 1156 1446 1244; baseline -0.001 -23"><span class='ocrx_word' id='word_1_59' title='bbox 401 1161 450 1222; x_wconf 75' lang='grc' dir='ltr'>διὰ</span> <span class='ocrx_word' id='word_1_60' title='bbox 463 1158 592 1232; x_wconf 79' lang='grc' dir='ltr'>πάντων,</span> <span class='ocrx_word' id='word_1_61' title='bbox 611 1161 681 1244; x_wconf 84' lang='lat' dir='ltr'>&amp;o.]</span> <span class='ocrx_word' id='word_1_62' title='bbox 700 1159 781 1225; x_wconf 78' lang='lat' dir='ltr'>Cum</span> <span class='ocrx_word' id='word_1_63' title='bbox 803 1159 923 1224; x_wconf 88' lang='lat' dir='ltr'>Paulus</span> <span class='ocrx_word' id='word_1_64' title='bbox 944 1161 992 1225; x_wconf 82' lang='lat' dir='ltr'>uit</span> <span class='ocrx_word' id='word_1_65' title='bbox 1016 1160 1057 1224; x_wconf 85' lang='lat' dir='ltr'>de</span> <span class='ocrx_word' id='word_1_66' title='bbox 1076 1159 1147 1222; x_wconf 92' lang='lat' dir='ltr'>Deo</span> <span class='ocrx_word' id='word_1_67' title='bbox 1166 1159 1207 1222; x_wconf 86' lang='lat' dir='ltr'>ed</span> <span class='ocrx_word' id='word_1_68' title='bbox 1224 1157 1341 1243; x_wconf 88' lang='lat' dir='ltr'>Ephes.</span> <span class='ocrx_word' id='word_1_69' title='bbox 1357 1156 1400 1223; x_wconf 85' lang='lat' dir='ltr'>iv.</span> <span class='ocrx_word' id='word_1_70' title='bbox 1416 1160 1446 1220; x_wconf 91' lang='lat'>6.</span> 
     </span>
     <span class='ocr_line' id='line_1_9' title="bbox 403 1243 1448 1332; baseline -0.003 -24"><span class='ocrx_word' id='word_1_71' title='bbox 403 1243 1033 1332; x_wconf 64' lang='lat' dir='ltr'>Qmmszeperoomimetporoemimet</span> <span class='ocrx_word' id='word_1_72' title='bbox 1054 1245 1089 1308; x_wconf 70' lang='lat' dir='ltr'>bs</span> <span class='ocrx_word' id='word_1_73' title='bbox 1109 1244 1265 1317; x_wconf 60' lang='lat' dir='ltr'>monilium·</span> <span class='ocrx_word' id='word_1_74' title='bbox 1289 1255 1356 1308; x_wconf 84' lang='lat' dir='ltr'>tres</span> <span class='ocrx_word' id='word_1_75' title='bbox 1377 1265 1448 1328; x_wconf 89' lang='lat' dir='ltr'>per-</span> 
     </span>
     <span class='ocr_line' id='line_1_10' title="bbox 401 1329 1446 1417; baseline -0.001 -23"><span class='ocrx_word' id='word_1_76' title='bbox 401 1350 496 1394; x_wconf 86' lang='lat' dir='ltr'>sonas</span> <span class='ocrx_word' id='word_1_77' title='bbox 514 1330 670 1417; x_wconf 83' lang='lat' dir='ltr'>designat,</span> <span class='ocrx_word' id='word_1_78' title='bbox 686 1337 720 1396; x_wconf 91' lang='lat' dir='ltr'>et</span> <span class='ocrx_word' id='word_1_79' title='bbox 739 1331 896 1396; x_wconf 85' lang='lat' dir='ltr'>unitatem</span> <span class='ocrx_word' id='word_1_80' title='bbox 911 1331 972 1396; x_wconf 93' lang='lat' dir='ltr'>Dei</span> <span class='ocrx_word' id='word_1_81' title='bbox 994 1331 1027 1394; x_wconf 95' lang='lat' dir='ltr'>in</span> <span class='ocrx_word' id='word_1_82' title='bbox 1048 1330 1128 1407; x_wconf 87' lang='lat' dir='ltr'>illis;</span> <span class='ocrx_word' id='word_1_83' title='bbox 1153 1331 1229 1415; x_wconf 86' lang='lat' dir='ltr'>quia</span> <span class='ocrx_word' id='word_1_84' title='bbox 1249 1329 1343 1393; x_wconf 89' lang='lat' dir='ltr'>unius</span> <span class='ocrx_word' id='word_1_85' title='bbox 1363 1329 1446 1414; x_wconf 85' lang='lat' dir='ltr'>ejus-</span> 
     </span>
     <span class='ocr_line' id='line_1_11' title="bbox 401 1415 1449 1506; baseline -0.001 -27"><span class='ocrx_word' id='word_1_86' title='bbox 401 1415 536 1500; x_wconf 88' lang='lat' dir='ltr'>demque</span> <span class='ocrx_word' id='word_1_87' title='bbox 549 1417 678 1482; x_wconf 87' lang='lat' dir='ltr'>virtutis</span> <span class='ocrx_word' id='word_1_88' title='bbox 699 1439 737 1482; x_wconf 90' lang='lat' dir='ltr'>ao</span> <span class='ocrx_word' id='word_1_89' title='bbox 759 1417 911 1506; x_wconf 86' lang='lat' dir='ltr'>potentiae</span> <span class='ocrx_word' id='word_1_90' title='bbox 933 1425 992 1495; x_wconf 88' lang='lat' dir='ltr'>est,</span> <span class='ocrx_word' id='word_1_91' title='bbox 1008 1439 1077 1481; x_wconf 86' lang='lat' dir='ltr'>esse</span> <span class='ocrx_word' id='word_1_92' title='bbox 1097 1439 1192 1500; x_wconf 90' lang='lat' dir='ltr'>super</span> <span class='ocrx_word' id='word_1_93' title='bbox 1211 1416 1325 1492; x_wconf 82' lang='lat' dir='ltr'>omnia,</span> <span class='ocrx_word' id='word_1_94' title='bbox 1342 1421 1376 1479; x_wconf 88' lang='lat' dir='ltr'>et</span> <span class='ocrx_word' id='word_1_95' title='bbox 1391 1436 1449 1499; x_wconf 90' lang='lat' dir='ltr'>per</span> 
     </span>
     <span class='ocr_line' id='line_1_12' title="bbox 382 1500 1448 1580; baseline 0.002 -16"><span class='ocrx_word' id='word_1_96' title='bbox 382 1501 516 1580; x_wconf 85' lang='lat' dir='ltr'>omnia,</span> <span class='ocrx_word' id='word_1_97' title='bbox 532 1509 566 1567; x_wconf 90' lang='lat' dir='ltr'>et</span> <span class='ocrx_word' id='word_1_98' title='bbox 585 1503 618 1566; x_wconf 90' lang='lat' dir='ltr'>in</span> <span class='ocrx_word' id='word_1_99' title='bbox 639 1503 806 1578; x_wconf 79' lang='lat' dir='ltr'>omnibus3</span> <span class='ocrx_word' id='word_1_100' title='bbox 830 1510 864 1568; x_wconf 88' lang='lat' dir='ltr'>et</span> <span class='ocrx_word' id='word_1_101' title='bbox 885 1503 1057 1568; x_wconf 86' lang='lat' dir='ltr'>seeundum</span> <span class='ocrx_word' id='word_1_102' title='bbox 1079 1501 1222 1566; x_wconf 81' lang='lat' dir='ltr'><strong>ordinem</strong></span> <span class='ocrx_word' id='word_1_103' title='bbox 1244 1500 1448 1566; x_wconf 79' lang='lat' dir='ltr'>oonlessionie</span> 
     </span>
     <span class='ocr_line' id='line_1_13' title="bbox 400 1585 1446 1674; baseline -0.002 -23"><span class='ocrx_word' id='word_1_104' title='bbox 400 1593 520 1652; x_wconf 84' lang='lat' dir='ltr'>sanetae</span> <span class='ocrx_word' id='word_1_105' title='bbox 543 1588 719 1667; x_wconf 69' lang='lat' dir='ltr'>Trinitatis,</span> <span class='ocrx_word' id='word_1_106' title='bbox 742 1589 879 1674; x_wconf 90' lang='lat' dir='ltr'>primum</span> <span class='ocrx_word' id='word_1_107' title='bbox 896 1589 1011 1654; x_wconf 78' lang='lat' dir='ltr'>tribuit</span> <span class='ocrx_word' id='word_1_108' title='bbox 1033 1588 1136 1666; x_wconf 81' lang='lat' dir='ltr'>Petri,</span> <span class='ocrx_word' id='word_1_109' title='bbox 1158 1588 1330 1652; x_wconf 86' lang='lat' dir='ltr'>seeundum</span> <span class='ocrx_word' id='word_1_110' title='bbox 1353 1585 1446 1664; x_wconf 82' lang='lat' dir='ltr'>Filio,</span> 
     </span>
     <span class='ocr_line' id='line_1_14' title="bbox 400 1673 1448 1760; baseline 0 -24"><span class='ocrx_word' id='word_1_111' title='bbox 400 1673 532 1737; x_wconf 84' lang='lat' dir='ltr'>tertium</span> <span class='ocrx_word' id='word_1_112' title='bbox 555 1674 688 1759; x_wconf 86' lang='lat' dir='ltr'>Spiritui</span> <span class='ocrx_word' id='word_1_113' title='bbox 708 1676 836 1753; x_wconf 89' lang='lat' dir='ltr'>Sanoto‚</span> <span class='ocrx_word' id='word_1_114' title='bbox 853 1676 928 1760; x_wconf 86' lang='lat' dir='ltr'>quia</span> <span class='ocrx_word' id='word_1_115' title='bbox 941 1681 991 1739; x_wconf 87' lang='lat' dir='ltr'>est</span> <span class='ocrx_word' id='word_1_116' title='bbox 1005 1674 1103 1738; x_wconf 88' lang='lat' dir='ltr'>tertia</span> <span class='ocrx_word' id='word_1_117' title='bbox 1118 1674 1261 1738; x_wconf 78' lang='lat' dir='ltr'>Persona</span> <span class='ocrx_word' id='word_1_118' title='bbox 1275 1673 1448 1737; x_wconf 87' lang='lat' dir='ltr'>seeundum</span> 
     </span>
     <span class='ocr_line' id='line_1_15' title="bbox 399 1759 1447 1846; baseline 0.001 -25"><span class='ocrx_word' id='word_1_119' title='bbox 399 1759 543 1823; x_wconf 82' lang='lat' dir='ltr'>ordinem</span> <span class='ocrx_word' id='word_1_120' title='bbox 565 1760 777 1839; x_wconf 84' lang='lat' dir='ltr'>oonl&#39;eesionis,</span> <span class='ocrx_word' id='word_1_121' title='bbox 793 1767 831 1825; x_wconf 88' lang='lat' dir='ltr'>ut</span> <span class='ocrx_word' id='word_1_122' title='bbox 845 1761 968 1846; x_wconf 88' lang='lat' dir='ltr'>antiqui</span> <span class='ocrx_word' id='word_1_123' title='bbox 985 1760 1125 1846; x_wconf 83' lang='lat' dir='ltr'>theologi</span> <span class='ocrx_word' id='word_1_124' title='bbox 1143 1760 1325 1844; x_wconf 88' lang='lat' dir='ltr'>loquuntur,</span> <span class='ocrx_word' id='word_1_125' title='bbox 1340 1765 1374 1823; x_wconf 90' lang='lat' dir='ltr'>et</span> <span class='ocrx_word' id='word_1_126' title='bbox 1389 1779 1447 1822; x_wconf 83' lang='lat' dir='ltr'>nos</span> 
     </span>
     <span class='ocr_line' id='line_1_16' title="bbox 399 1843 903 1912; baseline 0.012 -6"><span class='ocrx_word' id='word_1_127' title='bbox 399 1843 410 1906; x_wconf 98' lang='lat' dir='ltr'>l</span> <span class='ocrx_word' id='word_1_128' title='bbox 452 1844 485 1907; x_wconf 94' lang='lat' dir='ltr'>ui</span> <span class='ocrx_word' id='word_1_129' title='bbox 500 1845 687 1912; x_wconf 78' lang='lat' dir='ltr'>doouerrmt.</span> <span class='ocrx_word' id='word_1_130' title='bbox 711 1845 903 1912; x_wconf 78' lang='lat' dir='ltr'>Tunmauus.</span> 
     </span>
    </p>

    <p class='ocr_par' dir='ltr' id='par_1_5' title="bbox 399 1930 1447 2102">
     <span class='ocr_line' id='line_1_17' title="bbox 462 1930 1447 2018; baseline -0.001 -24"><span class='ocrx_word' id='word_1_131' title='bbox 462 1930 528 1995; x_wconf 86' lang='lat' dir='ltr'>bid.</span> <span class='ocrx_word' id='word_1_132' title='bbox 557 1931 579 1994; x_wconf 92' lang='lat' dir='ltr'>l.</span> <span class='ocrx_word' id='word_1_133' title='bbox 610 1952 657 1996; x_wconf 86' lang='lat'>11.</span> <span class='ocrx_word' id='word_1_134' title='bbox 688 1933 741 1997; x_wconf 80' lang='grc' dir='ltr'>οὐκ</span> <span class='ocrx_word' id='word_1_135' title='bbox 769 1931 1220 2018; x_wconf 71' lang='grc' dir='ltr'>ηὐχαρίστησαν-ἠρνήσαντο]</span> <span class='ocrx_word' id='word_1_136' title='bbox 1253 1930 1305 1994; x_wconf 82' lang='lat' dir='ltr'>Ex</span> <span class='ocrx_word' id='word_1_137' title='bbox 1338 1931 1447 1994; x_wconf 81' lang='lat' dir='ltr'>(leoem</span> 
     </span>
     <span class='ocr_line' id='line_1_18' title="bbox 399 2015 1447 2102; baseline 0.002 -23"><span class='ocrx_word' id='word_1_138' title='bbox 399 2015 532 2100; x_wconf 77' lang='lat' dir='ltr'>leprosis</span> <span class='ocrx_word' id='word_1_139' title='bbox 545 2039 609 2082; x_wconf 93' lang='lat' dir='ltr'>non</span> <span class='ocrx_word' id='word_1_140' title='bbox 623 2039 735 2082; x_wconf 82' lang='lat' dir='ltr'>novem</span> <span class='ocrx_word' id='word_1_141' title='bbox 744 2018 767 2082; x_wconf 90' lang='lat' dir='ltr'><strong>J</strong></span> <span class='ocrx_word' id='word_1_142' title='bbox 769 2019 861 2096; x_wconf 71' lang='lat' dir='ltr'>odaei,</span> <span class='ocrx_word' id='word_1_143' title='bbox 874 2020 930 2082; x_wconf 89' lang='lat' dir='ltr'>sed</span> <span class='ocrx_word' id='word_1_144' title='bbox 944 2040 1026 2082; x_wconf 86' lang='lat' dir='ltr'>unus</span> <span class='ocrx_word' id='word_1_145' title='bbox 1040 2025 1168 2082; x_wconf 85' lang='lat' dir='ltr'>tentum</span> <span class='ocrx_word' id='word_1_146' title='bbox 1182 2017 1304 2102; x_wconf 85' lang='lat' dir='ltr'>gratias</span> <span class='ocrx_word' id='word_1_147' title='bbox 1319 2016 1447 2081; x_wconf 69' lang='lat' dir='ltr'>Christo</span> 
     </span>
    </p>

    <p class='ocr_par' dir='ltr' id='par_1_6' title="bbox 397 2101 1446 2358">
     <span class='ocr_line' id='line_1_19' title="bbox 439 2101 1444 2170; baseline -0.003 -4"><span class='ocrx_word' id='word_1_148' title='bbox 439 2101 465 2166; x_wconf 83' lang='lat' dir='ltr'>&#39;t</span> <span class='ocrx_word' id='word_1_149' title='bbox 481 2110 614 2168; x_wconf 82' lang='lat' dir='ltr'>sanutus</span> <span class='ocrx_word' id='word_1_150' title='bbox 628 2111 661 2168; x_wconf 91' lang='lat' dir='ltr'>et</span> <span class='ocrx_word' id='word_1_151' title='bbox 675 2104 709 2168; x_wconf 93' lang='lat' dir='ltr'>in</span> <span class='ocrx_word' id='word_1_152' title='bbox 723 2126 796 2170; x_wconf 88' lang='lat' dir='ltr'>eum</span> <span class='ocrx_word' id='word_1_153' title='bbox 810 2105 942 2168; x_wconf 84' lang='lat' dir='ltr'>eredens</span> <span class='ocrx_word' id='word_1_154' title='bbox 956 2102 1187 2168; x_wconf 73' lang='lat' dir='ltr'>Samaritanus,</span> <span class='ocrx_word' id='word_1_155' title='bbox 1214 2102 1289 2168; x_wconf 89' lang='lat' dir='ltr'>Luo.</span> <span class='ocrx_word' id='word_1_156' title='bbox 1306 2101 1381 2166; x_wconf 81' lang='lat' dir='ltr'>xvii.</span> <span class='ocrx_word' id='word_1_157' title='bbox 1396 2103 1444 2164; x_wconf 86' lang='lat'>16.</span> 
     </span>
     <span class='ocr_line' id='line_1_20' title="bbox 401 2123 1446 2274; baseline 0.003 -25"><span class='ocrx_word' id='word_1_158' title='bbox 401 2123 499 2250; x_wconf 49' lang='lat' dir='ltr'>lilius.</span> <span class='ocrx_word' id='word_1_159' title='bbox 545 2188 618 2253; x_wconf 89' lang='grc' dir='ltr'>Ηοο</span> <span class='ocrx_word' id='word_1_160' title='bbox 632 2189 710 2255; x_wconf 89' lang='lat' dir='ltr'>dioit</span> <span class='ocrx_word' id='word_1_161' title='bbox 724 2197 857 2274; x_wconf 85' lang='lat' dir='ltr'>propter</span> <span class='ocrx_word' id='word_1_162' title='bbox 871 2190 1014 2269; x_wconf 83' lang='lat' dir='ltr'>Petrum,</span> <span class='ocrx_word' id='word_1_163' title='bbox 1031 2210 1125 2274; x_wconf 90' lang='lat' dir='ltr'>quem</span> <span class='ocrx_word' id='word_1_164' title='bbox 1146 2189 1279 2274; x_wconf 81' lang='lat' dir='ltr'>legimus</span> <span class='ocrx_word' id='word_1_165' title='bbox 1300 2188 1334 2252; x_wconf 90' lang='lat' dir='ltr'>in</span> <span class='ocrx_word' id='word_1_166' title='bbox 1354 2208 1446 2252; x_wconf 74' lang='lat' dir='ltr'>evan</span> 
     </span>
     <span class='ocr_line' id='line_1_21' title="bbox 397 2271 813 2358; baseline 0.007 -23"><span class='ocrx_word' id='word_1_167' title='bbox 397 2271 480 2357; x_wconf 79' lang='lat' dir='ltr'>gelio</span> <span class='ocrx_word' id='word_1_168' title='bbox 494 2295 635 2358; x_wconf 85' lang='lat' dir='ltr'>negasse.</span> <span class='ocrx_word' id='word_1_169' title='bbox 659 2274 813 2339; x_wconf 77' lang='lat' dir='ltr'>&#39;l&#39;unnmm</span> 
     </span>
    </p>

    <p class='ocr_par' dir='ltr' id='par_1_7' title="bbox 398 2357 1448 2785">
     <span class='ocr_line' id='line_1_22' title="bbox 443 2357 1448 2446; baseline 0.001 -25"><span class='ocrx_word' id='word_1_170' title='bbox 443 2358 483 2422; x_wconf 89' lang='lat' dir='ltr'>P.</span> <span class='ocrx_word' id='word_1_171' title='bbox 502 2374 551 2441; x_wconf 88' lang='lat'>71.</span> <span class='ocrx_word' id='word_1_172' title='bbox 567 2360 589 2423; x_wconf 91' lang='lat' dir='ltr'>l.</span> <span class='ocrx_word' id='word_1_173' title='bbox 605 2361 634 2423; x_wconf 86' lang='lat'>6.</span> <span class='ocrx_word' id='word_1_174' title='bbox 659 2357 749 2438; x_wconf 80' lang='grc' dir='ltr'>ξένον</span> <span class='ocrx_word' id='word_1_175' title='bbox 771 2387 822 2441; x_wconf 84' lang='grc' dir='ltr'>μοι</span> <span class='ocrx_word' id='word_1_176' title='bbox 846 2360 958 2444; x_wconf 64' lang='grc' dir='ltr'>φέρεις,</span> <span class='ocrx_word' id='word_1_177' title='bbox 980 2361 1082 2442; x_wconf 81' lang='grc' dir='ltr'>Λόγον</span> <span class='ocrx_word' id='word_1_178' title='bbox 1107 2357 1208 2442; x_wconf 78' lang='grc' dir='ltr'>λέγων</span> <span class='ocrx_word' id='word_1_179' title='bbox 1230 2360 1323 2446; x_wconf 73' lang='lat' dir='ltr'>mov]</span> <span class='ocrx_word' id='word_1_180' title='bbox 1350 2358 1448 2422; x_wconf 89' lang='lat' dir='ltr'>Hune</span> 
     </span>
     <span class='ocr_line' id='line_1_23' title="bbox 398 2442 1447 2532; baseline 0.001 -26"><span class='ocrx_word' id='word_1_181' title='bbox 398 2442 502 2508; x_wconf 86' lang='lat' dir='ltr'>looum</span> <span class='ocrx_word' id='word_1_182' title='bbox 516 2451 596 2529; x_wconf 90' lang='lat' dir='ltr'>puto</span> <span class='ocrx_word' id='word_1_183' title='bbox 610 2468 631 2510; x_wconf 87' lang='lat' dir='ltr'>a</span> <span class='ocrx_word' id='word_1_184' title='bbox 645 2445 802 2511; x_wconf 81' lang='grc' dir='ltr'>Τιιττίοιιο</span> <span class='ocrx_word' id='word_1_185' title='bbox 816 2448 920 2512; x_wconf 88' lang='lat' dir='ltr'>minus</span> <span class='ocrx_word' id='word_1_186' title='bbox 941 2447 1022 2511; x_wconf 91' lang='lat' dir='ltr'>bene</span> <span class='ocrx_word' id='word_1_187' title='bbox 1042 2467 1235 2532; x_wconf 84' lang='lat' dir='ltr'>expressum,</span> <span class='ocrx_word' id='word_1_188' title='bbox 1252 2452 1349 2532; x_wconf 85' lang='lat' dir='ltr'>atque</span> <span class='ocrx_word' id='word_1_189' title='bbox 1365 2445 1447 2530; x_wconf 86' lang='lat' dir='ltr'>Hip-</span> 
     </span>
     <span class='ocr_line' id='line_1_24' title="bbox 398 2529 1447 2618; baseline 0.003 -27"><span class='ocrx_word' id='word_1_190' title='bbox 398 2529 543 2614; x_wconf 86' lang='lat' dir='ltr'>polytum</span> <span class='ocrx_word' id='word_1_191' title='bbox 565 2531 673 2616; x_wconf 91' lang='lat' dir='ltr'>potius</span> <span class='ocrx_word' id='word_1_192' title='bbox 697 2532 731 2596; x_wconf 91' lang='lat' dir='ltr'>in</span> <span class='ocrx_word' id='word_1_193' title='bbox 757 2532 840 2597; x_wconf 90' lang='lat' dir='ltr'>hano</span> <span class='ocrx_word' id='word_1_194' title='bbox 866 2533 1059 2597; x_wconf 79' lang='lat' dir='ltr'>sententiam</span> <span class='ocrx_word' id='word_1_195' title='bbox 1083 2531 1262 2618; x_wconf 76' lang='lat' dir='ltr'>scripsisse:</span> <span class='ocrx_word' id='word_1_196' title='bbox 1289 2530 1447 2594; x_wconf 79' lang='lat' dir='ltr'>“Novum</span> 
     </span>
     <span class='ocr_line' id='line_1_25' title="bbox 400 2615 1446 2697; baseline 0 -18"><span class='ocrx_word' id='word_1_197' title='bbox 400 2621 420 2650; x_wconf 76' lang='lat'>‘⁶</span> <span class='ocrx_word' id='word_1_198' title='bbox 434 2615 512 2679; x_wconf 89' lang='lat' dir='ltr'>mibi</span> <span class='ocrx_word' id='word_1_199' title='bbox 540 2615 643 2697; x_wconf 82' lang='lat' dir='ltr'>affers,</span> <span class='ocrx_word' id='word_1_200' title='bbox 673 2639 746 2682; x_wconf 91' lang='lat' dir='ltr'>oum</span> <span class='ocrx_word' id='word_1_201' title='bbox 776 2617 893 2682; x_wconf 86' lang='lat' dir='ltr'>Filium</span> <span class='ocrx_word' id='word_1_202' title='bbox 923 2618 1067 2682; x_wconf 88' lang='lat' dir='ltr'>Verbum</span> <span class='ocrx_word' id='word_1_203' title='bbox 1097 2617 1220 2696; x_wconf 84' lang='lat' dir='ltr'>vooae‚”</span> <span class='ocrx_word' id='word_1_204' title='bbox 1250 2616 1314 2680; x_wconf 83' lang='lat' dir='ltr'>sive</span> <span class='ocrx_word' id='word_1_205' title='bbox 1345 2616 1446 2681; x_wconf 88' lang='lat' dir='ltr'>Verbi</span> 
     </span>
     <span class='ocr_line' id='line_1_26' title="bbox 399 2701 816 2785; baseline 0.01 -23"><span class='ocrx_word' id='word_1_206' title='bbox 399 2721 441 2785; x_wconf 88' lang='lat' dir='ltr'>ap</span> <span class='ocrx_word' id='word_1_207' title='bbox 482 2701 540 2766; x_wconf 85' lang='lat' dir='ltr'>llas</span> <span class='ocrx_word' id='word_1_208' title='bbox 554 2702 690 2768; x_wconf 90' lang='lat' dir='ltr'>nomine.</span> <span class='ocrx_word' id='word_1_209' title='bbox 716 2703 816 2767; x_wconf 79' lang='lat' dir='ltr'>anu.</span> 
     </span>
    </p>

    <p class='ocr_par' dir='ltr' id='par_1_8' title="bbox 460 2786 1444 2873">
     <span class='ocr_line' id='line_1_27' title="bbox 460 2786 1444 2873; baseline 0.003 -24"><span class='ocrx_word' id='word_1_210' title='bbox 460 2786 523 2851; x_wconf 88' lang='lat' dir='ltr'>bid.</span> <span class='ocrx_word' id='word_1_211' title='bbox 539 2788 561 2850; x_wconf 90' lang='lat' dir='ltr'>l.</span> <span class='ocrx_word' id='word_1_212' title='bbox 578 2803 608 2872; x_wconf 88' lang='lat'>7.</span> <span class='ocrx_word' id='word_1_213' title='bbox 624 2787 694 2853; x_wconf 84' lang='grc' dir='ltr'>ἀλλ’</span> <span class='ocrx_word' id='word_1_214' title='bbox 710 2790 812 2857; x_wconf 81' lang='grc' dir='ltr'>ἀλλοις</span> <span class='ocrx_word' id='word_1_215' title='bbox 833 2788 1012 2873; x_wconf 76' lang='grc' dir='ltr'>ἀλληγορεῖ]</span> <span class='ocrx_word' id='word_1_216' title='bbox 1035 2786 1179 2852; x_wconf 85' lang='lat' dir='ltr'>Verbum</span> <span class='ocrx_word' id='word_1_217' title='bbox 1201 2787 1262 2852; x_wconf 88' lang='lat' dir='ltr'>Dei</span> <span class='ocrx_word' id='word_1_218' title='bbox 1284 2809 1348 2851; x_wconf 86' lang='lat' dir='ltr'>non</span> <span class='ocrx_word' id='word_1_219' title='bbox 1368 2787 1444 2852; x_wconf 78' lang='lat' dir='ltr'>ulle·</span> 
     </span>
    </p>

    <p class='ocr_par' dir='ltr' id='par_1_9' title="bbox 395 2871 1446 3820">
     <span class='ocr_line' id='line_1_28' title="bbox 439 2871 1446 2960; baseline 0.002 -24"><span class='ocrx_word' id='word_1_220' title='bbox 439 2871 513 2951; x_wconf 85' lang='lat' dir='ltr'>rios,</span> <span class='ocrx_word' id='word_1_221' title='bbox 524 2874 580 2937; x_wconf 89' lang='lat' dir='ltr'>sed</span> <span class='ocrx_word' id='word_1_222' title='bbox 594 2895 653 2958; x_wconf 86' lang='lat' dir='ltr'>pro</span> <span class='ocrx_word' id='word_1_223' title='bbox 675 2874 721 2938; x_wconf 84' lang='lat' dir='ltr'>rie</span> <span class='ocrx_word' id='word_1_224' title='bbox 733 2873 851 2938; x_wconf 85' lang='lat' dir='ltr'>Filium</span> <span class='ocrx_word' id='word_1_225' title='bbox 862 2875 924 2940; x_wconf 87' lang='lat' dir='ltr'>Dei</span> <span class='ocrx_word' id='word_1_226' title='bbox 939 2873 1105 2960; x_wconf 86' lang='lat' dir='ltr'>signifieat.</span> <span class='ocrx_word' id='word_1_227' title='bbox 1130 2874 1203 2938; x_wconf 86' lang='grc' dir='ltr'>Ηοο</span> <span class='ocrx_word' id='word_1_228' title='bbox 1217 2874 1320 2959; x_wconf 87' lang='lat' dir='ltr'>ipsum</span> <span class='ocrx_word' id='word_1_229' title='bbox 1332 2874 1446 2938; x_wconf 88' lang='lat' dir='ltr'>beatus</span> 
     </span>
     <span class='ocr_line' id='line_1_29' title="bbox 398 2893 1446 3046; baseline -0.003 -22"><span class='ocrx_word' id='word_1_230' title='bbox 398 2893 534 3042; x_wconf 48' lang='lat' dir='ltr'>grillus</span> <span class='ocrx_word' id='word_1_231' title='bbox 569 2959 622 3024; x_wconf 91' lang='lat' dir='ltr'>lib.</span> <span class='ocrx_word' id='word_1_232' title='bbox 689 2959 735 3024; x_wconf 89' lang='grc' dir='ltr'>ΙΙ.</span> <span class='ocrx_word' id='word_1_233' title='bbox 765 2960 919 3025; x_wconf 83' lang='lat' dir='ltr'>Tbeseuri</span> <span class='ocrx_word' id='word_1_234' title='bbox 955 2982 1025 3046; x_wconf 74' lang='grc' dir='ltr'>παρ.</span> <span class='ocrx_word' id='word_1_235' title='bbox 1056 2979 1081 3023; x_wconf 90' lang='lat'>1.</span> <span class='ocrx_word' id='word_1_236' title='bbox 1112 2967 1225 3024; x_wconf 87' lang='lat' dir='ltr'>eontra</span> <span class='ocrx_word' id='word_1_237' title='bbox 1254 2959 1446 3024; x_wconf 87' lang='lat' dir='ltr'>Eunomium</span> 
     </span>
     <span class='ocr_line' id='line_1_30' title="bbox 398 3043 1446 3132; baseline 0.001 -24"><span class='ocrx_word' id='word_1_238' title='bbox 398 3043 516 3122; x_wconf 88' lang='lat' dir='ltr'>doouit,</span> <span class='ocrx_word' id='word_1_239' title='bbox 532 3049 566 3109; x_wconf 88' lang='lat' dir='ltr'>et</span> <span class='ocrx_word' id='word_1_240' title='bbox 580 3067 638 3130; x_wconf 85' lang='lat' dir='ltr'>per</span> <span class='ocrx_word' id='word_1_241' title='bbox 655 3045 837 3131; x_wconf 87' lang='lat' dir='ltr'>Soripturas</span> <span class='ocrx_word' id='word_1_242' title='bbox 857 3046 1015 3131; x_wconf 86' lang='lat' dir='ltr'>probavit,</span> <span class='ocrx_word' id='word_1_243' title='bbox 1031 3067 1101 3111; x_wconf 87' lang='lat' dir='ltr'>esse</span> <span class='ocrx_word' id='word_1_244' title='bbox 1116 3045 1260 3111; x_wconf 85' lang='lat' dir='ltr'>Verbum</span> <span class='ocrx_word' id='word_1_245' title='bbox 1281 3046 1446 3132; x_wconf 83' lang='lat' dir='ltr'>proprium</span> 
     </span>
     <span class='ocr_line' id='line_1_31' title="bbox 398 3129 1444 3217; baseline 0.002 -25"><span class='ocrx_word' id='word_1_246' title='bbox 398 3149 513 3195; x_wconf 90' lang='lat' dir='ltr'>nomen</span> <span class='ocrx_word' id='word_1_247' title='bbox 536 3129 629 3207; x_wconf 86' lang='lat' dir='ltr'>Filii;</span> <span class='ocrx_word' id='word_1_248' title='bbox 653 3131 686 3195; x_wconf 90' lang='lat' dir='ltr'>id</span> <span class='ocrx_word' id='word_1_249' title='bbox 708 3138 767 3211; x_wconf 88' lang='lat' dir='ltr'>est,</span> <span class='ocrx_word' id='word_1_250' title='bbox 784 3133 866 3197; x_wconf 86' lang='lat' dir='ltr'>hano</span> <span class='ocrx_word' id='word_1_251' title='bbox 881 3154 998 3211; x_wconf 89' lang='lat' dir='ltr'>vooem,</span> <span class='ocrx_word' id='word_1_252' title='bbox 1015 3131 1169 3210; x_wconf 87' lang='lat' dir='ltr'>Verbum,</span> <span class='ocrx_word' id='word_1_253' title='bbox 1184 3153 1243 3217; x_wconf 88' lang='lat' dir='ltr'>pro</span> <span class='ocrx_word' id='word_1_254' title='bbox 1265 3131 1312 3194; x_wconf 89' lang='lat' dir='ltr'>rie</span> <span class='ocrx_word' id='word_1_255' title='bbox 1333 3137 1367 3195; x_wconf 83' lang='lat' dir='ltr'>et</span> <span class='ocrx_word' id='word_1_256' title='bbox 1386 3131 1444 3194; x_wconf 86' lang='lat' dir='ltr'>de·</span> 
     </span>
     <span class='ocr_line' id='line_1_32' title="bbox 399 3215 1444 3304; baseline -0.002 -24"><span class='ocrx_word' id='word_1_257' title='bbox 399 3223 516 3294; x_wconf 75' lang='lat' dir='ltr'>senten,</span> <span class='ocrx_word' id='word_1_258' title='bbox 536 3223 570 3282; x_wconf 87' lang='lat' dir='ltr'>et</span> <span class='ocrx_word' id='word_1_259' title='bbox 590 3238 655 3282; x_wconf 91' lang='lat' dir='ltr'>non</span> <span class='ocrx_word' id='word_1_260' title='bbox 676 3239 734 3302; x_wconf 89' lang='lat' dir='ltr'>per</span> <span class='ocrx_word' id='word_1_261' title='bbox 754 3218 940 3284; x_wconf 76' lang='lat' dir='ltr'>abusionem</span> <span class='ocrx_word' id='word_1_262' title='bbox 960 3223 1019 3282; x_wconf 86' lang='lat' dir='ltr'>aut</span> <span class='ocrx_word' id='word_1_263' title='bbox 1040 3217 1223 3304; x_wconf 80' lang='lat' dir='ltr'>allegoriam</span> <span class='ocrx_word' id='word_1_264' title='bbox 1277 3216 1365 3282; x_wconf 91' lang='lat' dir='ltr'>ilium</span> <span class='ocrx_word' id='word_1_265' title='bbox 1383 3215 1444 3280; x_wconf 91' lang='lat' dir='ltr'>Dei</span> 
     </span>
     <span class='ocr_line' id='line_1_33' title="bbox 397 3300 1443 3387; baseline 0.002 -23"><span class='ocrx_word' id='word_1_266' title='bbox 397 3300 584 3387; x_wconf 82' lang='lat' dir='ltr'>significare.</span> <span class='ocrx_word' id='word_1_267' title='bbox 610 3303 766 3368; x_wconf 78' lang='grc' dir='ltr'>Τοππικπ.</span> <span class='ocrx_word' id='word_1_268' title='bbox 811 3305 891 3370; x_wconf 73' lang='lat' dir='ltr'>(lum</span> <span class='ocrx_word' id='word_1_269' title='bbox 917 3304 964 3369; x_wconf 83' lang='lat' dir='ltr'>ite</span> <span class='ocrx_word' id='word_1_270' title='bbox 982 3303 1115 3370; x_wconf 81' lang='lat' dir='ltr'>verterit</span> <span class='ocrx_word' id='word_1_271' title='bbox 1134 3304 1238 3368; x_wconf 86' lang='lat' dir='ltr'>looum</span> <span class='ocrx_word' id='word_1_272' title='bbox 1259 3302 1443 3379; x_wconf 67' lang='lat' dir='ltr'>&#39;lanienas</span> 
     </span>
     <span class='ocr_line' id='line_1_34' title="bbox 395 3387 1446 3476; baseline 0.003 -26"><span class='ocrx_word' id='word_1_273' title='bbox 395 3387 450 3450; x_wconf 78' lang='lat' dir='ltr'>sed</span> <span class='ocrx_word' id='word_1_274' title='bbox 461 3387 554 3452; x_wconf 72' lang='lat' dir='ltr'>aliter</span> <span class='ocrx_word' id='word_1_275' title='bbox 560 3409 622 3473; x_wconf 81' lang='grc' dir='ltr'>ριτ</span> <span class='ocrx_word' id='word_1_276' title='bbox 634 3389 812 3474; x_wconf 72' lang='grc' dir='ltr'>αίίαρονὶσοι</span> <span class='ocrx_word' id='word_1_277' title='bbox 825 3389 1054 3476; x_wconf 70' lang='lat' dir='ltr'>iuterpretatur.</span> <span class='ocrx_word' id='word_1_278' title='bbox 1098 3391 1197 3456; x_wconf 80' lang='lat' dir='ltr'>Immo</span> <span class='ocrx_word' id='word_1_279' title='bbox 1210 3411 1270 3453; x_wconf 85' lang='grc' dir='ltr'>ιιοπ</span> <span class='ocrx_word' id='word_1_280' title='bbox 1285 3389 1378 3454; x_wconf 72' lang='lat' dir='ltr'>atter</span> <span class='ocrx_word' id='word_1_281' title='bbox 1383 3408 1446 3472; x_wconf 80' lang='lat' dir='ltr'>per</span> 
     </span>
     <span class='ocr_line' id='line_1_35' title="bbox 396 3471 1444 3574; baseline -0.001 -36"><span class='ocrx_word' id='word_1_282' title='bbox 396 3471 574 3558; x_wconf 74' lang='grc' dir='ltr'>ωίίσροτίαιιι</span> <span class='ocrx_word' id='word_1_283' title='bbox 588 3475 828 3574; x_wconf 64' lang='lat' dir='ltr'>interpretatum</span> <span class='ocrx_word' id='word_1_284' title='bbox 852 3475 978 3541; x_wconf 85' lang='lat' dir='ltr'>videtur</span> <span class='ocrx_word' id='word_1_285' title='bbox 998 3475 1050 3540; x_wconf 90' lang='lat' dir='ltr'>ille</span> <span class='ocrx_word' id='word_1_286' title='bbox 1067 3476 1186 3562; x_wconf 86' lang='lat' dir='ltr'>aliquid</span> <span class='ocrx_word' id='word_1_287' title='bbox 1205 3481 1324 3560; x_wconf 66' lang='lat' dir='ltr'>praeter</span> <span class='ocrx_word' id='word_1_288' title='bbox 1337 3474 1444 3539; x_wconf 87' lang='lat' dir='ltr'>leotio-</span> 
     </span>
     <span class='ocr_line' id='line_1_36' title="bbox 398 3559 1444 3646; baseline 0.003 -26"><span class='ocrx_word' id='word_1_289' title='bbox 398 3579 470 3621; x_wconf 92' lang='lat' dir='ltr'>nem</span> <span class='ocrx_word' id='word_1_290' title='bbox 485 3566 646 3646; x_wconf 86' lang='lat' dir='ltr'>reeeptum</span> <span class='ocrx_word' id='word_1_291' title='bbox 660 3582 693 3623; x_wconf 90' lang='lat' dir='ltr'>m</span> <span class='ocrx_word' id='word_1_292' title='bbox 708 3561 815 3626; x_wconf 89' lang='lat' dir='ltr'>oodios</span> <span class='ocrx_word' id='word_1_293' title='bbox 830 3583 887 3625; x_wconf 82' lang='lat' dir='ltr'>suo</span> <span class='ocrx_word' id='word_1_294' title='bbox 902 3561 1068 3626; x_wconf 89' lang='lat' dir='ltr'>invenisse.</span> <span class='ocrx_word' id='word_1_295' title='bbox 1112 3563 1265 3626; x_wconf 85' lang='lat' dir='ltr'>Fortasse</span> <span class='ocrx_word' id='word_1_296' title='bbox 1279 3583 1354 3625; x_wconf 88' lang='lat' dir='ltr'>vero</span> <span class='ocrx_word' id='word_1_297' title='bbox 1368 3559 1444 3624; x_wconf 91' lang='lat' dir='ltr'>olim</span> 
     </span>
     <span class='ocr_line' id='line_1_37' title="bbox 397 3643 1445 3730; baseline 0.008 -23"><span class='ocrx_word' id='word_1_298' title='bbox 397 3643 551 3728; x_wconf 85' lang='lat' dir='ltr'>seriptum</span> <span class='ocrx_word' id='word_1_299' title='bbox 572 3652 651 3724; x_wconf 81' lang='lat' dir='ltr'>erut,</span> <span class='ocrx_word' id='word_1_300' title='bbox 674 3645 744 3710; x_wconf 83' lang='grc' dir='ltr'>ἀλλΙ</span> <span class='ocrx_word' id='word_1_301' title='bbox 767 3649 939 3729; x_wconf 76' lang='grc' dir='ltr'>ἀλληγορεῖ.</span> <span class='ocrx_word' id='word_1_302' title='bbox 984 3649 1049 3712; x_wconf 71' lang='lat' dir='ltr'>Osis</span> <span class='ocrx_word' id='word_1_303' title='bbox 1071 3650 1243 3730; x_wconf 78' lang='grc' dir='ltr'>ἀλληγορεῖ.</span> <span class='ocrx_word' id='word_1_304' title='bbox 1281 3648 1366 3714; x_wconf 71' lang='grc' dir='ltr'>οὗτοι</span> <span class='ocrx_word' id='word_1_305' title='bbox 1385 3649 1445 3728; x_wconf 68' lang='grc' dir='ltr'>γὰρ</span> 
     </span>
     <span class='ocr_line' id='line_1_38' title="bbox 399 3730 1213 3820; baseline 0.001 -27"><span class='ocrx_word' id='word_1_306' title='bbox 399 3730 454 3793; x_wconf 80' lang='lat' dir='ltr'>&amp;o</span> <span class='ocrx_word' id='word_1_307' title='bbox 471 3730 515 3794; x_wconf 88' lang='lat' dir='ltr'>sio</span> <span class='ocrx_word' id='word_1_308' title='bbox 530 3730 614 3794; x_wconf 90' lang='lat' dir='ltr'>enim</span> <span class='ocrx_word' id='word_1_309' title='bbox 627 3731 736 3816; x_wconf 84' lang='lat' dir='ltr'>potius</span> <span class='ocrx_word' id='word_1_310' title='bbox 750 3732 917 3820; x_wconf 81' lang='lat' dir='ltr'>legendum</span> <span class='ocrx_word' id='word_1_311' title='bbox 953 3738 1019 3813; x_wconf 85' lang='lat' dir='ltr'>uto,</span> <span class='ocrx_word' id='word_1_312' title='bbox 1036 3756 1100 3798; x_wconf 91' lang='lat' dir='ltr'>non</span> <span class='ocrx_word' id='word_1_313' title='bbox 1114 3737 1213 3801; x_wconf 81' lang='grc' dir='ltr'>ούτωι.</span> 
     </span>
    </p>

    <p class='ocr_par' dir='ltr' id='par_1_10' title="bbox 397 3756 1445 3986">
     <span class='ocr_line' id='line_1_39' title="bbox 442 3756 1445 3919; baseline 0.001 -41"><span class='ocrx_word' id='word_1_314' title='bbox 442 3814 524 3880; x_wconf 86' lang='lat' dir='ltr'>Ibid.</span> <span class='ocrx_word' id='word_1_315' title='bbox 546 3815 568 3879; x_wconf 92' lang='lat'>1.</span> <span class='ocrx_word' id='word_1_316' title='bbox 587 3837 636 3899; x_wconf 88' lang='lat'>19.</span> <span class='ocrx_word' id='word_1_317' title='bbox 660 3819 694 3882; x_wconf 78' lang='lat' dir='ltr'>lv</span> <span class='ocrx_word' id='word_1_318' title='bbox 714 3821 874 3919; x_wconf 79' lang='grc' dir='ltr'>σνμβόλιρ]</span> <span class='ocrx_word' id='word_1_319' title='bbox 900 3756 974 3884; x_wconf 69' lang='grc' dir='ltr'>ΗΡοο</span> <span class='ocrx_word' id='word_1_320' title='bbox 993 3821 1095 3885; x_wconf 88' lang='lat' dir='ltr'>estin</span> <span class='ocrx_word' id='word_1_321' title='bbox 1121 3819 1234 3907; x_wconf 81' lang='lat' dir='ltr'>ligure,</span> <span class='ocrx_word' id='word_1_322' title='bbox 1254 3839 1317 3906; x_wconf 86' lang='lat' dir='ltr'>qua</span> <span class='ocrx_word' id='word_1_323' title='bbox 1338 3815 1445 3880; x_wconf 89' lang='lat' dir='ltr'>utitur</span> 
     </span>
     <span class='ocr_line' id='line_1_40' title="bbox 397 3900 1055 3986; baseline 0.011 -22"><span class='ocrx_word' id='word_1_324' title='bbox 397 3900 495 3965; x_wconf 86' lang='lat' dir='ltr'>etiam</span> <span class='ocrx_word' id='word_1_325' title='bbox 509 3902 668 3986; x_wconf 84' lang='lat' dir='ltr'>propbeta</span> <span class='ocrx_word' id='word_1_326' title='bbox 682 3903 796 3969; x_wconf 70' lang='lat' dir='ltr'>Fusias</span> <span class='ocrx_word' id='word_1_327' title='bbox 810 3904 887 3968; x_wconf 77' lang='lat' dir='ltr'>lxiii.</span> <span class='ocrx_word' id='word_1_328' title='bbox 901 3923 930 3968; x_wconf 84' lang='lat'>2.</span> <span class='ocrx_word' id='word_1_329' title='bbox 955 3904 1055 3971; x_wconf 70' lang='lat' dir='ltr'>Fara.</span> 
     </span>
    </p>

    <p class='ocr_par' dir='ltr' id='par_1_11' title="bbox 441 3986 1441 4076">
     <span class='ocr_line' id='line_1_41' title="bbox 441 3986 1441 4076; baseline 0.001 -26"><span class='ocrx_word' id='word_1_330' title='bbox 441 3986 479 4050; x_wconf 90' lang='lat' dir='ltr'>P.</span> <span class='ocrx_word' id='word_1_331' title='bbox 494 4005 544 4069; x_wconf 78' lang='lat'>72.</span> <span class='ocrx_word' id='word_1_332' title='bbox 560 3987 580 4051; x_wconf 93' lang='lat' dir='ltr'>l.</span> <span class='ocrx_word' id='word_1_333' title='bbox 594 3989 625 4052; x_wconf 84' lang='lat'>8.</span> <span class='ocrx_word' id='word_1_334' title='bbox 640 3988 695 4067; x_wconf 68' lang='grc' dir='ltr'>τὴν</span> <span class='ocrx_word' id='word_1_335' title='bbox 706 3988 797 4068; x_wconf 76' lang='grc' dir='ltr'>δόξαν</span> <span class='ocrx_word' id='word_1_336' title='bbox 808 3989 958 4072; x_wconf 73' lang='grc' dir='ltr'>ἔξίδειραν</span> <span class='ocrx_word' id='word_1_337' title='bbox 969 3991 1070 4076; x_wconf 78' lang='grc' dir='ltr'>αὐτοῦ]</span> <span class='ocrx_word' id='word_1_338' title='bbox 1088 3990 1141 4054; x_wconf 86' lang='lat' dir='ltr'>Sio</span> <span class='ocrx_word' id='word_1_339' title='bbox 1155 3989 1317 4054; x_wconf 80' lang='lat' dir='ltr'>habebant</span> <span class='ocrx_word' id='word_1_340' title='bbox 1327 3987 1441 4052; x_wconf 88' lang='lat' dir='ltr'>LXX.</span> 
     </span>
    </p>
   </div>
   <div class='ocr_carea' id='block_1_3' title="bbox 394 4071 1445 4483">
    <p class='ocr_par' dir='ltr' id='par_1_12' title="bbox 394 4071 1445 4483">
     <span class='ocr_line' id='line_1_42' title="bbox 395 4071 1444 4175; baseline 0 -40"><span class='ocrx_word' id='word_1_341' title='bbox 395 4071 428 4134; x_wconf 91' lang='lat' dir='ltr'>in</span> <span class='ocrx_word' id='word_1_342' title='bbox 457 4073 631 4174; x_wconf 68' lang='lat' dir='ltr'>eremplari</span> <span class='ocrx_word' id='word_1_343' title='bbox 660 4073 838 4175; x_wconf 59' lang='lat' dir='ltr'>Hippolyti,</span> <span class='ocrx_word' id='word_1_344' title='bbox 869 4078 969 4175; x_wconf 65' lang='grc' dir='ltr'>οόξον,</span> <span class='ocrx_word' id='word_1_345' title='bbox 999 4097 1065 4140; x_wconf 92' lang='lat' dir='ltr'>non</span> <span class='ocrx_word' id='word_1_346' title='bbox 1100 4077 1201 4175; x_wconf 71' lang='grc' dir='ltr'>δορὰν,</span> <span class='ocrx_word' id='word_1_347' title='bbox 1232 4093 1274 4175; x_wconf 70' lang='lat' dir='ltr'>uo</span> <span class='ocrx_word' id='word_1_348' title='bbox 1298 4095 1383 4140; x_wconf 88' lang='lat' dir='ltr'>nuno</span> <span class='ocrx_word' id='word_1_349' title='bbox 1410 4073 1444 4135; x_wconf 90' lang='lat' dir='ltr'>in</span> 
     </span>
     <span class='ocr_line' id='line_1_43' title="bbox 395 4159 1442 4260; baseline 0.002 -40"><span class='ocrx_word' id='word_1_350' title='bbox 395 4164 524 4222; x_wconf 79' lang='lat' dir='ltr'>nostris.</span> <span class='ocrx_word' id='word_1_351' title='bbox 555 4159 711 4260; x_wconf 79' lang='lat' dir='ltr'>Oonvemt</span> <span class='ocrx_word' id='word_1_352' title='bbox 725 4161 793 4228; x_wconf 76' lang='lat' dir='ltr'>boeo</span> <span class='ocrx_word' id='word_1_353' title='bbox 807 4161 902 4226; x_wconf 82' lang='lat' dir='ltr'>leotro</span> <span class='ocrx_word' id='word_1_354' title='bbox 917 4183 989 4226; x_wconf 88' lang='lat' dir='ltr'>oum</span> <span class='ocrx_word' id='word_1_355' title='bbox 1005 4161 1091 4226; x_wconf 83' lang='lat' dir='ltr'>Esai.</span> <span class='ocrx_word' id='word_1_356' title='bbox 1108 4161 1162 4226; x_wconf 86' lang='lat' dir='ltr'>liu.</span> <span class='ocrx_word' id='word_1_357' title='bbox 1198 4160 1346 4226; x_wconf 77' lang='lat' dir='ltr'>Vidimus</span> <span class='ocrx_word' id='word_1_358' title='bbox 1360 4179 1442 4260; x_wconf 73' lang='lat' dir='ltr'>euru,</span> 
     </span>
     <span class='ocr_line' id='line_1_44' title="bbox 394 4246 1445 4332; baseline -0.001 -25"><span class='ocrx_word' id='word_1_359' title='bbox 394 4249 429 4308; x_wconf 91' lang='lat' dir='ltr'>et</span> <span class='ocrx_word' id='word_1_360' title='bbox 443 4264 507 4308; x_wconf 91' lang='lat' dir='ltr'>non</span> <span class='ocrx_word' id='word_1_361' title='bbox 521 4251 593 4310; x_wconf 83' lang='lat' dir='ltr'>erat</span> <span class='ocrx_word' id='word_1_362' title='bbox 607 4268 736 4332; x_wconf 87' lang='lat' dir='ltr'>speo1es,</span> <span class='ocrx_word' id='word_1_363' title='bbox 752 4267 854 4332; x_wconf 88' lang='lat' dir='ltr'>neque</span> <span class='ocrx_word' id='word_1_364' title='bbox 868 4248 972 4312; x_wconf 88' lang='lat' dir='ltr'>deoor.</span> <span class='ocrx_word' id='word_1_365' title='bbox 1000 4246 1157 4310; x_wconf 76' lang='lat' dir='ltr'>Turnus.</span> <span class='ocrx_word' id='word_1_366' title='bbox 1195 4246 1291 4312; x_wconf 91' lang='lat' dir='ltr'>Nulla</span> <span class='ocrx_word' id='word_1_367' title='bbox 1306 4251 1445 4310; x_wconf 83' lang='lat' dir='ltr'>venetas</span> 
     </span>
     <span class='ocr_line' id='line_1_45' title="bbox 394 4328 1444 4482; baseline -0.001 -88"><span class='ocrx_word' id='word_1_368' title='bbox 394 4328 438 4481; x_wconf 62' lang='grc' dir='ltr'>ορ</span> <span class='ocrx_word' id='word_1_369' title='bbox 443 4351 561 4478; x_wconf 54' lang='grc' dir='ltr'>1ξοιιοιιι</span> <span class='ocrx_word' id='word_1_370' title='bbox 575 4335 666 4482; x_wconf 44' lang='grc' dir='ltr'>ὄρθριον</span> <span class='ocrx_word' id='word_1_371' title='bbox 680 4339 795 4397; x_wconf 81' lang='lat' dir='ltr'>notata</span> <span class='ocrx_word' id='word_1_372' title='bbox 809 4339 859 4398; x_wconf 88' lang='lat' dir='ltr'>est</span> <span class='ocrx_word' id='word_1_373' title='bbox 873 4333 906 4398; x_wconf 88' lang='lat' dir='ltr'>in</span> <span class='ocrx_word' id='word_1_374' title='bbox 924 4333 1000 4398; x_wconf 87' lang='lat' dir='ltr'>edit.</span> <span class='ocrx_word' id='word_1_375' title='bbox 1016 4340 1076 4399; x_wconf 76' lang='grc' dir='ltr'>τῶν</span> <span class='ocrx_word' id='word_1_376' title='bbox 1092 4331 1205 4396; x_wconf 89' lang='lat' dir='ltr'><strong>LXX.</strong></span> <span class='ocrx_word' id='word_1_377' title='bbox 1220 4332 1263 4396; x_wconf 86' lang='lat' dir='ltr'>ab</span> <span class='ocrx_word' id='word_1_378' title='bbox 1279 4328 1444 4395; x_wconf 85' lang='lat' dir='ltr'>Holmesio</span> 
     </span>
     <span class='ocr_line' id='line_1_46' title="bbox 394 4425 765 4483; baseline 0.011 -4"><span class='ocrx_word' id='word_1_379' title='bbox 394 4436 412 4479; x_wconf 92' lang='lat' dir='ltr'>e</span> <span class='ocrx_word' id='word_1_380' title='bbox 472 4437 584 4481; x_wconf 86' lang='lat' dir='ltr'>arsons</span> <span class='ocrx_word' id='word_1_381' title='bbox 640 4425 765 4483; x_wconf 77' lang='lat' dir='ltr'>ornate.</span> 
     </span>
    </p>
   </div>
   <div class='ocr_carea' id='block_1_4' title="bbox 0 0 1662 5198">
    <p class='ocr_par' dir='ltr' id='par_1_13' title="bbox 0 0 1662 5198">
     <span class='ocr_line' id='line_1_47' title="bbox 0 0 1662 5198; baseline 0 1"><span class='ocrx_word' id='word_1_382' title='bbox 0 0 1662 5198; x_wconf 95' lang='lat' dir='ltr'> </span> 
     </span>
    </p>
   </div>
  </div>
 </body>
</html>
