<?xml version="1.0" encoding="UTF-8"?>
<!DOCTYPE html PUBLIC "-//W3C//DTD XHTML 1.0 Transitional//EN"
    "http://www.w3.org/TR/xhtml1/DTD/xhtml1-transitional.dtd">
<html xmlns="http://www.w3.org/1999/xhtml" xml:lang="en" lang="en">
 <head>
  <title>
</title>
<meta http-equiv="Content-Type" content="text/html;charset=utf-8" />
  <meta name='ocr-system' content='tesseract 3.04.00' />
  <meta name='ocr-capabilities' content='ocr_page ocr_carea ocr_par ocr_line ocrx_word'/>
</head>
<body>
  <div class='ocr_page' id='page_1' title='image "./scriptorumeccle00routgoog_0183.png"; bbox 0 0 3326 5200; ppageno 0'>
   <div class='ocr_carea' id='block_1_1' title="bbox 243 465 1118 570">
    <p class='ocr_par' dir='ltr' id='par_1_1' title="bbox 243 465 1118 570">
     <span class='ocr_line' id='line_1_1' title="bbox 243 465 1118 570; baseline -0.005 -35"><span class='ocrx_word' id='word_1_1' title='bbox 243 565 245 570; x_wconf 16' lang='grc' dir='ltr'>Ι</span> <span class='ocrx_word' id='word_1_2' title='bbox 379 467 443 535; x_wconf 84' lang='lat' dir='ltr'>ros</span> <span class='ocrx_word' id='word_1_3' title='bbox 685 467 933 533; x_wconf 82' lang='lat' dir='ltr'>Anvnnsus</span> <span class='ocrx_word' id='word_1_4' title='bbox 956 465 1118 534; x_wconf 76' lang='lat' dir='ltr'>onnus</span> 
     </span>
    </p>
   </div>
   <div class='ocr_carea' id='block_1_2' title="bbox 224 641 1475 4460">
    <p class='ocr_par' dir='ltr' id='par_1_2' title="bbox 377 641 1472 2247">
     <span class='ocr_line' id='line_1_2' title="bbox 378 641 1424 734; baseline -0.005 -20"><span class='ocrx_word' id='word_1_5' title='bbox 378 663 531 726; x_wconf 75' lang='lat' dir='ltr'>causam</span> <span class='ocrx_word' id='word_1_6' title='bbox 559 641 657 713; x_wconf 94' lang='lat' dir='ltr'>illam</span> <span class='ocrx_word' id='word_1_7' title='bbox 683 644 851 713; x_wconf 87' lang='lat' dir='ltr'>virtutem</span> <span class='ocrx_word' id='word_1_8' title='bbox 880 641 988 734; x_wconf 86' lang='lat' dir='ltr'>quam</span> <span class='ocrx_word' id='word_1_9' title='bbox 1013 641 1120 732; x_wconf 87' lang='lat' dir='ltr'>(sicut</span> <span class='ocrx_word' id='word_1_10' title='bbox 1149 641 1319 734; x_wconf 85' lang='lat' dir='ltr'>diximus)</span> <span class='ocrx_word' id='word_1_11' title='bbox 1344 661 1424 732; x_wconf 87' lang='lat' dir='ltr'>pro·</span> 
     </span>
     <span class='ocr_line' id='line_1_3' title="bbox 378 756 1422 852; baseline -0.004 -22"><span class='ocrx_word' id='word_1_12' title='bbox 378 761 545 830; x_wconf 88' lang='lat' dir='ltr'>nuntiant</span> <span class='ocrx_word' id='word_1_13' title='bbox 569 767 730 842; x_wconf 89' lang='lat' dir='ltr'>matrem,</span> <span class='ocrx_word' id='word_1_14' title='bbox 752 760 797 830; x_wconf 84' lang='lat' dir='ltr'>ad</span> <span class='ocrx_word' id='word_1_15' title='bbox 819 758 1011 830; x_wconf 84' lang='lat' dir='ltr'>vindictam</span> <span class='ocrx_word' id='word_1_16' title='bbox 1037 759 1146 829; x_wconf 86' lang='lat' dir='ltr'>etiam</span> <span class='ocrx_word' id='word_1_17' title='bbox 1169 756 1422 852; x_wconf 77' lang='lat' dir='ltr'><strong>cataclysmum</strong></span> 
     </span>
     <span class='ocr_line' id='line_1_4' title="bbox 378 873 1422 968; baseline -0.003 -22"><span class='ocrx_word' id='word_1_18' title='bbox 378 877 555 959; x_wconf 86' lang='lat' dir='ltr'>inducere,</span> <span class='ocrx_word' id='word_1_19' title='bbox 573 883 674 946; x_wconf 92' lang='lat' dir='ltr'>utet</span> <span class='ocrx_word' id='word_1_20' title='bbox 695 875 784 946; x_wconf 92' lang='lat' dir='ltr'>illud</span> <span class='ocrx_word' id='word_1_21' title='bbox 806 876 1052 968; x_wconf 81' lang='lat' dir='ltr'>permixtionis</span> <span class='ocrx_word' id='word_1_22' title='bbox 1077 897 1196 946; x_wconf 89' lang='lat' dir='ltr'>semen</span> <span class='ocrx_word' id='word_1_23' title='bbox 1215 873 1422 956; x_wconf 84' lang='lat' dir='ltr'>tolleretur3</span> 
     </span>
     <span class='ocr_line' id='line_1_5' title="bbox 377 989 1424 1084; baseline -0.002 -23"><span class='ocrx_word' id='word_1_24' title='bbox 377 999 418 1061; x_wconf 86' lang='lat' dir='ltr'>ct</span> <span class='ocrx_word' id='word_1_25' title='bbox 442 989 509 1062; x_wconf 92' lang='lat' dir='ltr'>hoc</span> <span class='ocrx_word' id='word_1_26' title='bbox 539 991 653 1062; x_wconf 88' lang='lat' dir='ltr'>solum</span> <span class='ocrx_word' id='word_1_27' title='bbox 679 1013 811 1074; x_wconf 87' lang='lat' dir='ltr'>semen,</span> <span class='ocrx_word' id='word_1_28' title='bbox 836 990 931 1084; x_wconf 93' lang='lat' dir='ltr'>quod</span> <span class='ocrx_word' id='word_1_29' title='bbox 960 999 1054 1062; x_wconf 89' lang='lat' dir='ltr'>esset</span> <span class='ocrx_word' id='word_1_30' title='bbox 1080 1012 1218 1084; x_wconf 87' lang='lat' dir='ltr'>purum,</span> <span class='ocrx_word' id='word_1_31' title='bbox 1244 991 1424 1084; x_wconf 84' lang='lat' dir='ltr'>integrum</span> 
     </span>
     <span class='ocr_line' id='line_1_6' title="bbox 378 1104 1449 1199; baseline -0.003 -21"><span class='ocrx_word' id='word_1_32' title='bbox 378 1107 625 1178; x_wconf 79' lang='lat' dir='ltr'>custodiretur.</span> <span class='ocrx_word' id='word_1_33' title='bbox 677 1104 749 1178; x_wconf 87' lang='lat' dir='ltr'>Sed</span> <span class='ocrx_word' id='word_1_34' title='bbox 775 1107 871 1178; x_wconf 89' lang='lat' dir='ltr'>enim</span> <span class='ocrx_word' id='word_1_35' title='bbox 895 1106 984 1190; x_wconf 90' lang='lat' dir='ltr'>illos,</span> <span class='ocrx_word' id='word_1_36' title='bbox 1002 1107 1063 1199; x_wconf 92' lang='lat' dir='ltr'>qui</span> <span class='ocrx_word' id='word_1_37' title='bbox 1084 1107 1228 1178; x_wconf 87' lang='lat' dir='ltr'>seminis</span> <span class='ocrx_word' id='word_1_38' title='bbox 1252 1104 1332 1176; x_wconf 93' lang='lat' dir='ltr'>illos</span> <span class='ocrx_word' id='word_1_39' title='bbox 1354 1106 1425 1199; x_wconf 89' lang='lat' dir='ltr'>pri-</span> <span class='ocrx_word' id='word_1_40' title='bbox 1432 1133 1449 1194; x_wconf 85' lang='lat'>5</span> 
     </span>
     <span class='ocr_line' id='line_1_7' title="bbox 379 1222 1423 1316; baseline 0 -24"><span class='ocrx_word' id='word_1_41' title='bbox 379 1223 449 1294; x_wconf 91' lang='lat' dir='ltr'>oris</span> <span class='ocrx_word' id='word_1_42' title='bbox 473 1223 717 1305; x_wconf 88' lang='lat' dir='ltr'>instituissent,</span> <span class='ocrx_word' id='word_1_43' title='bbox 745 1222 893 1306; x_wconf 79' lang='lat' dir='ltr'>occulte,</span> <span class='ocrx_word' id='word_1_44' title='bbox 922 1232 960 1294; x_wconf 91' lang='lat' dir='ltr'>et</span> <span class='ocrx_word' id='word_1_45' title='bbox 985 1223 1148 1307; x_wconf 89' lang='lat' dir='ltr'>latenter,</span> <span class='ocrx_word' id='word_1_46' title='bbox 1178 1231 1216 1294; x_wconf 88' lang='lat' dir='ltr'>ct</span> <span class='ocrx_word' id='word_1_47' title='bbox 1239 1223 1423 1316; x_wconf 84' lang='lat' dir='ltr'>ignorante</span> 
     </span>
     <span class='ocr_line' id='line_1_8' title="bbox 379 1338 1423 1422; baseline 0 -14"><span class='ocrx_word' id='word_1_48' title='bbox 379 1339 441 1410; x_wconf 92' lang='lat' dir='ltr'>illa</span> <span class='ocrx_word' id='word_1_49' title='bbox 456 1349 570 1410; x_wconf 91' lang='lat' dir='ltr'>matre</span> <span class='ocrx_word' id='word_1_50' title='bbox 587 1341 729 1422; x_wconf 84' lang='lat' dir='ltr'>virtute,</span> <span class='ocrx_word' id='word_1_51' title='bbox 747 1362 828 1410; x_wconf 90' lang='lat' dir='ltr'>cum</span> <span class='ocrx_word' id='word_1_52' title='bbox 846 1338 915 1409; x_wconf 89' lang='lat' dir='ltr'>illis</span> <span class='ocrx_word' id='word_1_53' title='bbox 932 1345 1014 1410; x_wconf 93' lang='lat' dir='ltr'>octo</span> <span class='ocrx_word' id='word_1_54' title='bbox 1039 1339 1223 1410; x_wconf 77' lang='lat' dir='ltr'>animabus</span> <span class='ocrx_word' id='word_1_55' title='bbox 1245 1339 1283 1408; x_wconf 95' lang='lat' dir='ltr'>in</span> <span class='ocrx_word' id='word_1_56' title='bbox 1306 1359 1423 1410; x_wconf 89' lang='lat' dir='ltr'>arcam</span> 
     </span>
     <span class='ocr_line' id='line_1_9' title="bbox 378 1454 1422 1549; baseline -0.004 -23"><span class='ocrx_word' id='word_1_57' title='bbox 378 1457 514 1527; x_wconf 86' lang='lat' dir='ltr'>misisse</span> <span class='ocrx_word' id='word_1_58' title='bbox 539 1456 648 1527; x_wconf 88' lang='lat' dir='ltr'>etiam</span> <span class='ocrx_word' id='word_1_59' title='bbox 674 1477 795 1526; x_wconf 89' lang='lat' dir='ltr'>semen</span> <span class='ocrx_word' id='word_1_60' title='bbox 821 1455 944 1538; x_wconf 83' lang='lat' dir='ltr'>Cham,</span> <span class='ocrx_word' id='word_1_61' title='bbox 962 1478 1033 1549; x_wconf 92' lang='lat' dir='ltr'>quo</span> <span class='ocrx_word' id='word_1_62' title='bbox 1050 1477 1171 1526; x_wconf 91' lang='lat' dir='ltr'>semen</span> <span class='ocrx_word' id='word_1_63' title='bbox 1187 1454 1335 1526; x_wconf 90' lang='lat' dir='ltr'>malitiae</span> <span class='ocrx_word' id='word_1_64' title='bbox 1352 1475 1422 1524; x_wconf 92' lang='lat' dir='ltr'>non</span> 
     </span>
     <span class='ocr_line' id='line_1_10' title="bbox 377 1572 1424 1664; baseline -0.002 -22"><span class='ocrx_word' id='word_1_65' title='bbox 377 1573 518 1664; x_wconf 87' lang='lat' dir='ltr'>periret,</span> <span class='ocrx_word' id='word_1_66' title='bbox 535 1573 597 1643; x_wconf 88' lang='lat' dir='ltr'>sed</span> <span class='ocrx_word' id='word_1_67' title='bbox 620 1595 702 1642; x_wconf 89' lang='lat' dir='ltr'>cum</span> <span class='ocrx_word' id='word_1_68' title='bbox 731 1572 858 1643; x_wconf 82' lang='lat' dir='ltr'>ceteris</span> <span class='ocrx_word' id='word_1_69' title='bbox 884 1578 1139 1656; x_wconf 84' lang='lat' dir='ltr'>conservatum,</span> <span class='ocrx_word' id='word_1_70' title='bbox 1161 1579 1199 1642; x_wconf 90' lang='lat' dir='ltr'>et</span> <span class='ocrx_word' id='word_1_71' title='bbox 1223 1578 1305 1664; x_wconf 86' lang='lat' dir='ltr'>post</span> <span class='ocrx_word' id='word_1_72' title='bbox 1329 1577 1424 1641; x_wconf 74' lang='lat' dir='ltr'>cata</span> 
     </span>
     <span class='ocr_line' id='line_1_11' title="bbox 378 1685 1472 1781; baseline 0.004 -25"><span class='ocrx_word' id='word_1_73' title='bbox 378 1686 552 1781; x_wconf 88' lang='lat' dir='ltr'>clysmum</span> <span class='ocrx_word' id='word_1_74' title='bbox 581 1688 683 1759; x_wconf 89' lang='lat' dir='ltr'>terris</span> <span class='ocrx_word' id='word_1_75' title='bbox 712 1685 901 1770; x_wconf 89' lang='lat' dir='ltr'>redditum,</span> <span class='ocrx_word' id='word_1_76' title='bbox 931 1685 1096 1780; x_wconf 89' lang='lat' dir='ltr'>exemplo</span> <span class='ocrx_word' id='word_1_77' title='bbox 1130 1695 1328 1758; x_wconf 83' lang='lat' dir='ltr'>ceterorum</span> <span class='ocrx_word' id='word_1_78' title='bbox 1362 1707 1472 1760; x_wconf 79' lang='lat' dir='ltr'>ex-ro</span> 
     </span>
     <span class='ocr_line' id='line_1_12' title="bbox 378 1803 1424 1888; baseline -0.002 -13"><span class='ocrx_word' id='word_1_79' title='bbox 378 1812 561 1888; x_wconf 89' lang='lat' dir='ltr'>cresceret,</span> <span class='ocrx_word' id='word_1_80' title='bbox 589 1812 627 1876; x_wconf 90' lang='lat' dir='ltr'>et</span> <span class='ocrx_word' id='word_1_81' title='bbox 655 1803 904 1888; x_wconf 85' lang='lat' dir='ltr'>effirnderctur,</span> <span class='ocrx_word' id='word_1_82' title='bbox 935 1813 973 1875; x_wconf 91' lang='lat' dir='ltr'>et</span> <span class='ocrx_word' id='word_1_83' title='bbox 999 1812 1118 1876; x_wconf 88' lang='lat' dir='ltr'>totum</span> <span class='ocrx_word' id='word_1_84' title='bbox 1144 1803 1267 1875; x_wconf 89' lang='lat' dir='ltr'>orbem</span> <span class='ocrx_word' id='word_1_85' title='bbox 1295 1812 1333 1874; x_wconf 88' lang='lat' dir='ltr'>et</span> <span class='ocrx_word' id='word_1_86' title='bbox 1359 1803 1424 1873; x_wconf 91' lang='lat' dir='ltr'>im-</span> 
     </span>
     <span class='ocr_line' id='line_1_13' title="bbox 377 1919 1423 2016; baseline -0.002 -24"><span class='ocrx_word' id='word_1_87' title='bbox 377 1919 493 2015; x_wconf 87' lang='lat' dir='ltr'>pleret</span> <span class='ocrx_word' id='word_1_88' title='bbox 505 1929 543 1992; x_wconf 90' lang='lat' dir='ltr'>et</span> <span class='ocrx_word' id='word_1_89' title='bbox 559 1931 759 2016; x_wconf 83' lang='lat' dir='ltr'>occuparet.</span> <span class='ocrx_word' id='word_1_90' title='bbox 812 1919 868 1992; x_wconf 90' lang='lat' dir='ltr'>De</span> <span class='ocrx_word' id='word_1_91' title='bbox 886 1919 1028 1992; x_wconf 87' lang='lat' dir='ltr'>Christo</span> <span class='ocrx_word' id='word_1_92' title='bbox 1049 1927 1172 1992; x_wconf 87' lang='lat' dir='ltr'>autern</span> <span class='ocrx_word' id='word_1_93' title='bbox 1188 1920 1238 1990; x_wconf 90' lang='lat' dir='ltr'>sic</span> <span class='ocrx_word' id='word_1_94' title='bbox 1255 1920 1423 2000; x_wconf 71' lang='lat' dir='ltr'>sentiunt,</span> 
     </span>
     <span class='ocr_line' id='line_1_14' title="bbox 378 2034 1424 2130; baseline -0.002 -22"><span class='ocrx_word' id='word_1_95' title='bbox 378 2045 421 2108; x_wconf 85' lang='lat' dir='ltr'>ut</span> <span class='ocrx_word' id='word_1_96' title='bbox 436 2039 557 2109; x_wconf 90' lang='lat' dir='ltr'>dicant</span> <span class='ocrx_word' id='word_1_97' title='bbox 573 2038 675 2109; x_wconf 91' lang='lat' dir='ltr'>illum</span> <span class='ocrx_word' id='word_1_98' title='bbox 692 2037 939 2108; x_wconf 87' lang='lat' dir='ltr'>tantummodo</span> <span class='ocrx_word' id='word_1_99' title='bbox 964 2035 1064 2118; x_wconf 88' lang='lat' dir='ltr'>Seth,</span> <span class='ocrx_word' id='word_1_100' title='bbox 1081 2043 1119 2106; x_wconf 91' lang='lat' dir='ltr'>et</span> <span class='ocrx_word' id='word_1_101' title='bbox 1144 2057 1207 2128; x_wconf 93' lang='lat' dir='ltr'>pro</span> <span class='ocrx_word' id='word_1_102' title='bbox 1233 2037 1308 2130; x_wconf 93' lang='lat' dir='ltr'>ipso</span> <span class='ocrx_word' id='word_1_103' title='bbox 1334 2034 1424 2106; x_wconf 86' lang='lat' dir='ltr'>Seth</span> 
     </span>
     <span class='ocr_line' id='line_1_15' title="bbox 378 2154 628 2247; baseline 0 -23"><span class='ocrx_word' id='word_1_104' title='bbox 378 2155 495 2247; x_wconf 89' lang='lat' dir='ltr'>ipsum</span> <span class='ocrx_word' id='word_1_105' title='bbox 510 2154 628 2225; x_wconf 87' lang='lat' dir='ltr'>fuisse.</span> 
     </span>
    </p>

    <p class='ocr_par' dir='ltr' id='par_1_3' title="bbox 224 2267 1475 4460">
     <span class='ocr_line' id='line_1_16' title="bbox 224 2267 1471 2373; baseline -0.002 -33"><span class='ocrx_word' id='word_1_106' title='bbox 224 2281 366 2332; x_wconf 69' lang='lat' dir='ltr'>cumv-</span> <span class='ocrx_word' id='word_1_107' title='bbox 429 2268 659 2362; x_wconf 82' lang='lat' dir='ltr'>Carpocrates</span> <span class='ocrx_word' id='word_1_108' title='bbox 687 2278 861 2363; x_wconf 83' lang='lat' dir='ltr'>praetcrea</span> <span class='ocrx_word' id='word_1_109' title='bbox 885 2267 977 2340; x_wconf 92' lang='lat' dir='ltr'>hanc</span> <span class='ocrx_word' id='word_1_110' title='bbox 1006 2267 1092 2340; x_wconf 90' lang='lat' dir='ltr'>tulit</span> <span class='ocrx_word' id='word_1_111' title='bbox 1120 2277 1281 2349; x_wconf 70' lang='lat' dir='ltr'>sectam</span> <span class='ocrx_word' id='word_1_112' title='bbox 1316 2289 1471 2373; x_wconf 70' lang='lat' dir='ltr'>unam15</span> 
     </span>
     <span class='ocr_line' id='line_1_17' title="bbox 380 2383 1425 2480; baseline -0.003 -23"><span class='ocrx_word' id='word_1_113' title='bbox 380 2407 456 2458; x_wconf 90' lang='lat' dir='ltr'>esse</span> <span class='ocrx_word' id='word_1_114' title='bbox 479 2386 566 2457; x_wconf 91' lang='lat' dir='ltr'>dicit</span> <span class='ocrx_word' id='word_1_115' title='bbox 590 2386 759 2457; x_wconf 87' lang='lat' dir='ltr'>virtutem</span> <span class='ocrx_word' id='word_1_116' title='bbox 781 2387 819 2456; x_wconf 89' lang='lat' dir='ltr'>in</span> <span class='ocrx_word' id='word_1_117' title='bbox 842 2386 1078 2480; x_wconf 89' lang='lat' dir='ltr'>superioribus</span> <span class='ocrx_word' id='word_1_118' title='bbox 1102 2383 1352 2480; x_wconf 89' lang='lat' dir='ltr'>principalem:</span> <span class='ocrx_word' id='word_1_119' title='bbox 1378 2405 1425 2454; x_wconf 89' lang='lat' dir='ltr'>ex</span> 
     </span>
     <span class='ocr_line' id='line_1_18' title="bbox 379 2501 1425 2595; baseline -0.003 -22"><span class='ocrx_word' id='word_1_120' title='bbox 379 2502 446 2573; x_wconf 89' lang='lat' dir='ltr'>hac</span> <span class='ocrx_word' id='word_1_121' title='bbox 470 2501 625 2594; x_wconf 89' lang='lat' dir='ltr'>prolatos</span> <span class='ocrx_word' id='word_1_122' title='bbox 647 2501 801 2595; x_wconf 86' lang='lat' dir='ltr'>angelos,</span> <span class='ocrx_word' id='word_1_123' title='bbox 818 2508 925 2594; x_wconf 91' lang='lat' dir='ltr'>atque</span> <span class='ocrx_word' id='word_1_124' title='bbox 948 2503 1117 2573; x_wconf 85' lang='lat' dir='ltr'>virtutes:</span> <span class='ocrx_word' id='word_1_125' title='bbox 1143 2523 1232 2594; x_wconf 91' lang='lat' dir='ltr'>quos</span> <span class='ocrx_word' id='word_1_126' title='bbox 1254 2501 1425 2572; x_wconf 73' lang='lat' dir='ltr'>distamen</span> 
     </span>
     <span class='ocr_line' id='line_1_19' title="bbox 379 2615 1426 2713; baseline -0.003 -23"><span class='ocrx_word' id='word_1_127' title='bbox 379 2619 485 2713; x_wconf 91' lang='lat' dir='ltr'>longe</span> <span class='ocrx_word' id='word_1_128' title='bbox 512 2640 534 2691; x_wconf 89' lang='lat' dir='ltr'>a</span> <span class='ocrx_word' id='word_1_129' title='bbox 560 2617 795 2712; x_wconf 88' lang='lat' dir='ltr'>superioribus</span> <span class='ocrx_word' id='word_1_130' title='bbox 825 2615 1025 2702; x_wconf 89' lang='lat' dir='ltr'>virtutibus,</span> <span class='ocrx_word' id='word_1_131' title='bbox 1055 2619 1228 2690; x_wconf 90' lang='lat' dir='ltr'>mundum</span> <span class='ocrx_word' id='word_1_132' title='bbox 1254 2619 1362 2688; x_wconf 86' lang='lat' dir='ltr'>istum</span> <span class='ocrx_word' id='word_1_133' title='bbox 1387 2618 1426 2688; x_wconf 92' lang='lat' dir='ltr'>in</span> 
     </span>
     <span class='ocr_line' id='line_1_20' title="bbox 379 2735 1425 2828; baseline -0.001 -23"><span class='ocrx_word' id='word_1_134' title='bbox 379 2735 602 2806; x_wconf 89' lang='lat' dir='ltr'>inferioribus</span> <span class='ocrx_word' id='word_1_135' title='bbox 627 2735 785 2828; x_wconf 82' lang='lat' dir='ltr'>partibus</span> <span class='ocrx_word' id='word_1_136' title='bbox 814 2735 1035 2820; x_wconf 88' lang='lat' dir='ltr'>condidisse;</span> <span class='ocrx_word' id='word_1_137' title='bbox 1071 2735 1253 2806; x_wconf 85' lang='lat' dir='ltr'>Christum</span> <span class='ocrx_word' id='word_1_138' title='bbox 1280 2757 1351 2804; x_wconf 90' lang='lat' dir='ltr'>non</span> <span class='ocrx_word' id='word_1_139' title='bbox 1378 2757 1425 2805; x_wconf 86' lang='lat' dir='ltr'>ex</span> 
     </span>
     <span class='ocr_line' id='line_1_21' title="bbox 380 2849 1474 2946; baseline -0.004 -22"><span class='ocrx_word' id='word_1_140' title='bbox 380 2849 531 2945; x_wconf 84' lang='lat' dir='ltr'>Virgine</span> <span class='ocrx_word' id='word_1_141' title='bbox 549 2850 667 2922; x_wconf 88' lang='lat' dir='ltr'>Maria</span> <span class='ocrx_word' id='word_1_142' title='bbox 683 2859 817 2934; x_wconf 90' lang='lat' dir='ltr'>natum,</span> <span class='ocrx_word' id='word_1_143' title='bbox 838 2852 901 2922; x_wconf 90' lang='lat' dir='ltr'>sed</span> <span class='ocrx_word' id='word_1_144' title='bbox 929 2874 975 2923; x_wconf 86' lang='lat' dir='ltr'>ex</span> <span class='ocrx_word' id='word_1_145' title='bbox 999 2852 1133 2923; x_wconf 89' lang='lat' dir='ltr'>semine</span> <span class='ocrx_word' id='word_1_146' title='bbox 1150 2850 1295 2946; x_wconf 89' lang='lat' dir='ltr'>Joseph,</span> <span class='ocrx_word' id='word_1_147' title='bbox 1311 2850 1474 2923; x_wconf 79' lang='lat' dir='ltr'>homi-20</span> 
     </span>
     <span class='ocr_line' id='line_1_22' title="bbox 379 2967 1425 3063; baseline -0.002 -24"><span class='ocrx_word' id='word_1_148' title='bbox 379 2989 462 3039; x_wconf 89' lang='lat' dir='ltr'>nem</span> <span class='ocrx_word' id='word_1_149' title='bbox 479 2969 728 3040; x_wconf 87' lang='lat' dir='ltr'>tantummodo</span> <span class='ocrx_word' id='word_1_150' title='bbox 744 2969 916 3063; x_wconf 89' lang='lat' dir='ltr'>genitum,</span> <span class='ocrx_word' id='word_1_151' title='bbox 932 2991 1018 3040; x_wconf 90' lang='lat' dir='ltr'>sane</span> <span class='ocrx_word' id='word_1_152' title='bbox 1034 2991 1105 3063; x_wconf 91' lang='lat' dir='ltr'>prae</span> <span class='ocrx_word' id='word_1_153' title='bbox 1127 2969 1254 3040; x_wconf 91' lang='lat' dir='ltr'>ceteris</span> <span class='ocrx_word' id='word_1_154' title='bbox 1273 2967 1425 3062; x_wconf 86' lang='lat' dir='ltr'>justitiae</span> 
     </span>
     <span class='ocr_line' id='line_1_23' title="bbox 379 3083 1426 3180; baseline 0.001 -25"><span class='ocrx_word' id='word_1_155' title='bbox 379 3083 490 3168; x_wconf 91' lang='lat' dir='ltr'>cultu,</span> <span class='ocrx_word' id='word_1_156' title='bbox 509 3085 593 3156; x_wconf 83' lang='lat' dir='ltr'>vitae</span> <span class='ocrx_word' id='word_1_157' title='bbox 610 3086 815 3180; x_wconf 87' lang='lat' dir='ltr'>integritate</span> <span class='ocrx_word' id='word_1_158' title='bbox 832 3085 1036 3158; x_wconf 88' lang='lat' dir='ltr'>meliorem:</span> <span class='ocrx_word' id='word_1_159' title='bbox 1059 3083 1155 3157; x_wconf 92' lang='lat' dir='ltr'>hunc</span> <span class='ocrx_word' id='word_1_160' title='bbox 1171 3085 1265 3178; x_wconf 92' lang='lat' dir='ltr'>apud</span> <span class='ocrx_word' id='word_1_161' title='bbox 1283 3084 1307 3155; x_wconf 90' lang='lat' dir='ltr'>J</span> <span class='ocrx_word' id='word_1_162' title='bbox 1308 3085 1426 3156; x_wconf 84' lang='lat' dir='ltr'>udaeos</span> 
     </span>
     <span class='ocr_line' id='line_1_24' title="bbox 379 3201 1425 3296; baseline -0.002 -24"><span class='ocrx_word' id='word_1_163' title='bbox 379 3223 545 3294; x_wconf 85' lang='lat' dir='ltr'>passum:</span> <span class='ocrx_word' id='word_1_164' title='bbox 584 3201 695 3272; x_wconf 90' lang='lat' dir='ltr'>solam</span> <span class='ocrx_word' id='word_1_165' title='bbox 725 3201 879 3274; x_wconf 90' lang='lat' dir='ltr'>animam</span> <span class='ocrx_word' id='word_1_166' title='bbox 907 3202 1015 3296; x_wconf 91' lang='lat' dir='ltr'>ipsius</span> <span class='ocrx_word' id='word_1_167' title='bbox 1044 3201 1134 3273; x_wconf 90' lang='lat' dir='ltr'>coelo</span> <span class='ocrx_word' id='word_1_168' title='bbox 1162 3208 1351 3295; x_wconf 88' lang='lat' dir='ltr'>receptam,</span> <span class='ocrx_word' id='word_1_169' title='bbox 1383 3223 1425 3270; x_wconf 93' lang='lat' dir='ltr'>eo</span> 
     </span>
     <span class='ocr_line' id='line_1_25' title="bbox 380 3316 1426 3414; baseline 0.002 -28"><span class='ocrx_word' id='word_1_170' title='bbox 380 3316 475 3410; x_wconf 92' lang='lat' dir='ltr'>quod</span> <span class='ocrx_word' id='word_1_171' title='bbox 501 3325 539 3388; x_wconf 87' lang='lat' dir='ltr'>et</span> <span class='ocrx_word' id='word_1_172' title='bbox 559 3317 693 3388; x_wconf 89' lang='lat' dir='ltr'>firmior</span> <span class='ocrx_word' id='word_1_173' title='bbox 717 3327 755 3389; x_wconf 89' lang='lat' dir='ltr'>et</span> <span class='ocrx_word' id='word_1_174' title='bbox 775 3318 953 3390; x_wconf 90' lang='lat' dir='ltr'>robustior</span> <span class='ocrx_word' id='word_1_175' title='bbox 976 3341 1022 3389; x_wconf 84' lang='lat' dir='ltr'>ex</span> <span class='ocrx_word' id='word_1_176' title='bbox 1041 3316 1134 3414; x_wconf 86' lang='lat' dir='ltr'>(scr.</span> <span class='ocrx_word' id='word_1_177' title='bbox 1153 3321 1210 3413; x_wconf 87' lang='lat' dir='ltr'>ea)</span> <span class='ocrx_word' id='word_1_178' title='bbox 1227 3319 1355 3389; x_wconf 81' lang='lat' dir='ltr'>ceteris</span> <span class='ocrx_word' id='word_1_179' title='bbox 1372 3317 1426 3388; x_wconf 85' lang='lat' dir='ltr'>fu-</span> 
     </span>
     <span class='ocr_line' id='line_1_26' title="bbox 380 3433 1472 3531; baseline 0.005 -27"><span class='ocrx_word' id='word_1_180' title='bbox 380 3434 467 3504; x_wconf 89' lang='lat' dir='ltr'>erit:</span> <span class='ocrx_word' id='word_1_181' title='bbox 502 3455 549 3504; x_wconf 89' lang='lat' dir='ltr'>ex</span> <span class='ocrx_word' id='word_1_182' title='bbox 573 3457 644 3525; x_wconf 92' lang='lat' dir='ltr'>quo</span> <span class='ocrx_word' id='word_1_183' title='bbox 667 3434 860 3529; x_wconf 89' lang='lat' dir='ltr'>colligeret,</span> <span class='ocrx_word' id='word_1_184' title='bbox 878 3443 1016 3506; x_wconf 88' lang='lat' dir='ltr'>tentata</span> <span class='ocrx_word' id='word_1_185' title='bbox 1033 3433 1126 3531; x_wconf 89' lang='lat' dir='ltr'>(sor.</span> <span class='ocrx_word' id='word_1_186' title='bbox 1144 3437 1335 3530; x_wconf 88' lang='lat' dir='ltr'>attentata)</span> <span class='ocrx_word' id='word_1_187' title='bbox 1352 3435 1472 3530; x_wconf 75' lang='lat' dir='ltr'>ani-25</span> 
     </span>
     <span class='ocr_line' id='line_1_27' title="bbox 379 3550 1425 3646; baseline 0.001 -26"><span class='ocrx_word' id='word_1_188' title='bbox 379 3571 517 3620; x_wconf 84' lang='lat' dir='ltr'>marum</span> <span class='ocrx_word' id='word_1_189' title='bbox 552 3550 626 3621; x_wconf 93' lang='lat' dir='ltr'>sola</span> <span class='ocrx_word' id='word_1_190' title='bbox 659 3550 783 3634; x_wconf 87' lang='lat' dir='ltr'>salute,</span> <span class='ocrx_word' id='word_1_191' title='bbox 811 3550 925 3622; x_wconf 89' lang='lat' dir='ltr'>nullas</span> <span class='ocrx_word' id='word_1_192' title='bbox 955 3553 1109 3646; x_wconf 91' lang='lat' dir='ltr'>corporis</span> <span class='ocrx_word' id='word_1_193' title='bbox 1142 3553 1425 3624; x_wconf 85' lang='lat' dir='ltr'>resurrectiones.</span> 
     </span>
     <span class='ocr_line' id='line_1_28' title="bbox 381 3663 1424 3762; baseline 0.001 -27"><span class='ocrx_word' id='word_1_194' title='bbox 381 3663 468 3738; x_wconf 83' lang='lat' dir='ltr'>Post</span> <span class='ocrx_word' id='word_1_195' title='bbox 479 3665 575 3736; x_wconf 92' lang='lat' dir='ltr'>hunc</span> <span class='ocrx_word' id='word_1_196' title='bbox 588 3665 779 3736; x_wconf 81' lang='lat' dir='ltr'>Cerinthus</span> <span class='ocrx_word' id='word_1_197' title='bbox 794 3663 979 3738; x_wconf 87' lang='lat' dir='ltr'>haeretieus</span> <span class='ocrx_word' id='word_1_198' title='bbox 997 3669 1122 3762; x_wconf 88' lang='lat' dir='ltr'>erupit,</span> <span class='ocrx_word' id='word_1_199' title='bbox 1139 3668 1269 3739; x_wconf 91' lang='lat' dir='ltr'>similia</span> <span class='ocrx_word' id='word_1_200' title='bbox 1285 3669 1424 3740; x_wconf 88' lang='lat' dir='ltr'>docens.</span> 
     </span>
     <span class='ocr_line' id='line_1_29' title="bbox 381 3781 1424 3881; baseline 0.002 -29"><span class='ocrx_word' id='word_1_201' title='bbox 381 3781 478 3852; x_wconf 88' lang='lat' dir='ltr'>Nam</span> <span class='ocrx_word' id='word_1_202' title='bbox 495 3783 624 3876; x_wconf 92' lang='lat' dir='ltr'>etipse</span> <span class='ocrx_word' id='word_1_203' title='bbox 649 3783 823 3853; x_wconf 91' lang='lat' dir='ltr'>muudum</span> <span class='ocrx_word' id='word_1_204' title='bbox 848 3784 1053 3855; x_wconf 87' lang='lat' dir='ltr'>institutum</span> <span class='ocrx_word' id='word_1_205' title='bbox 1076 3807 1152 3857; x_wconf 88' lang='lat' dir='ltr'>esse</span> <span class='ocrx_word' id='word_1_206' title='bbox 1177 3786 1223 3856; x_wconf 92' lang='lat' dir='ltr'>ab</span> <span class='ocrx_word' id='word_1_207' title='bbox 1245 3783 1315 3856; x_wconf 93' lang='lat' dir='ltr'>illis</span> <span class='ocrx_word' id='word_1_208' title='bbox 1333 3783 1424 3881; x_wconf 81' lang='lat' dir='ltr'>(sor.</span> 
     </span>
     <span class='ocr_line' id='line_1_30' title="bbox 378 3898 1426 3996; baseline 0.001 -26"><span class='ocrx_word' id='word_1_209' title='bbox 378 3898 527 3994; x_wconf 84' lang='lat' dir='ltr'>angelis)</span> <span class='ocrx_word' id='word_1_210' title='bbox 556 3900 662 3970; x_wconf 91' lang='lat' dir='ltr'>dicit:</span> <span class='ocrx_word' id='word_1_211' title='bbox 689 3899 872 3970; x_wconf 82' lang='lat' dir='ltr'>Christum</span> <span class='ocrx_word' id='word_1_212' title='bbox 900 3923 948 3972; x_wconf 84' lang='lat' dir='ltr'>ex</span> <span class='ocrx_word' id='word_1_213' title='bbox 975 3903 1109 3972; x_wconf 89' lang='lat' dir='ltr'>semine</span> <span class='ocrx_word' id='word_1_214' title='bbox 1136 3901 1271 3996; x_wconf 88' lang='lat' dir='ltr'>Joscph</span> <span class='ocrx_word' id='word_1_215' title='bbox 1301 3910 1426 3973; x_wconf 87' lang='lat' dir='ltr'>natum</span> 
     </span>
     <span class='ocr_line' id='line_1_31' title="bbox 377 4014 1475 4113; baseline 0.005 -25"><span class='ocrx_word' id='word_1_216' title='bbox 377 4015 553 4108; x_wconf 88' lang='lat' dir='ltr'>proponit,</span> <span class='ocrx_word' id='word_1_217' title='bbox 569 4014 751 4087; x_wconf 90' lang='lat' dir='ltr'>hominem</span> <span class='ocrx_word' id='word_1_218' title='bbox 768 4016 871 4087; x_wconf 91' lang='lat' dir='ltr'>illum</span> <span class='ocrx_word' id='word_1_219' title='bbox 887 4017 1135 4089; x_wconf 88' lang='lat' dir='ltr'>tantummodo</span> <span class='ocrx_word' id='word_1_220' title='bbox 1147 4019 1223 4090; x_wconf 91' lang='lat' dir='ltr'>sine</span> <span class='ocrx_word' id='word_1_221' title='bbox 1240 4017 1427 4088; x_wconf 89' lang='lat' dir='ltr'>divinitate</span> <span class='ocrx_word' id='word_1_222' title='bbox 1436 4055 1475 4113; x_wconf 78' lang='lat'>30</span> 
     </span>
     <span class='ocr_line' id='line_1_32' title="bbox 378 4131 1425 4227; baseline 0.002 -25"><span class='ocrx_word' id='word_1_223' title='bbox 378 4133 616 4204; x_wconf 86' lang='lat' dir='ltr'>contendens:</span> <span class='ocrx_word' id='word_1_224' title='bbox 641 4133 753 4225; x_wconf 87' lang='lat' dir='ltr'>ipsam</span> <span class='ocrx_word' id='word_1_225' title='bbox 778 4156 920 4227; x_wconf 87' lang='lat' dir='ltr'>quoque</span> <span class='ocrx_word' id='word_1_226' title='bbox 939 4132 1057 4227; x_wconf 87' lang='lat' dir='ltr'>legem</span> <span class='ocrx_word' id='word_1_227' title='bbox 1077 4133 1122 4204; x_wconf 91' lang='lat' dir='ltr'>ab</span> <span class='ocrx_word' id='word_1_228' title='bbox 1148 4131 1282 4227; x_wconf 89' lang='lat' dir='ltr'>angelis</span> <span class='ocrx_word' id='word_1_229' title='bbox 1306 4133 1425 4204; x_wconf 85' lang='lat' dir='ltr'>datam</span> 
     </span>
     <span class='ocr_line' id='line_1_33' title="bbox 377 4245 1424 4344; baseline 0 -29"><span class='ocrx_word' id='word_1_230' title='bbox 377 4246 587 4340; x_wconf 80' lang='lat' dir='ltr'>perhibens3</span> <span class='ocrx_word' id='word_1_231' title='bbox 612 4247 821 4320; x_wconf 87' lang='lat' dir='ltr'>Judaeorum</span> <span class='ocrx_word' id='word_1_232' title='bbox 850 4248 969 4321; x_wconf 92' lang='lat' dir='ltr'>Deum</span> <span class='ocrx_word' id='word_1_233' title='bbox 1003 4273 1075 4320; x_wconf 93' lang='lat' dir='ltr'>non</span> <span class='ocrx_word' id='word_1_234' title='bbox 1107 4247 1302 4320; x_wconf 88' lang='lat' dir='ltr'>Dominum</span> <span class='ocrx_word' id='word_1_235' title='bbox 1332 4245 1424 4344; x_wconf 83' lang='lat' dir='ltr'>(sor.</span> 
     </span>
     <span class='ocr_line' id='line_1_34' title="bbox 378 4361 1426 4460; baseline 0.001 -27"><span class='ocrx_word' id='word_1_236' title='bbox 378 4361 524 4457; x_wconf 86' lang='lat' dir='ltr'>Deum),</span> <span class='ocrx_word' id='word_1_237' title='bbox 558 4365 618 4434; x_wconf 91' lang='lat' dir='ltr'>sed</span> <span class='ocrx_word' id='word_1_238' title='bbox 654 4365 821 4459; x_wconf 85' lang='lat' dir='ltr'>angelum</span> <span class='ocrx_word' id='word_1_239' title='bbox 854 4387 1028 4460; x_wconf 88' lang='lat' dir='ltr'>promens.</span> <span class='ocrx_word' id='word_1_240' title='bbox 1095 4365 1213 4458; x_wconf 89' lang='lat' dir='ltr'>Hujus</span> <span class='ocrx_word' id='word_1_241' title='bbox 1247 4385 1426 4438; x_wconf 86' lang='lat' dir='ltr'>successor</span> 
     </span>
    </p>
   </div>
   <div class='ocr_carea' id='block_1_3' title="bbox 0 0 1668 5200">
    <p class='ocr_par' dir='ltr' id='par_1_4' title="bbox 0 0 1668 5200">
     <span class='ocr_line' id='line_1_35' title="bbox 0 0 1668 5200; baseline 0 0"><span class='ocrx_word' id='word_1_242' title='bbox 0 0 1668 5200; x_wconf 95' lang='lat' dir='ltr'> </span> 
     </span>
    </p>
   </div>
  </div>
 </body>
</html>
