3314 5190
419 475 484 543 298
798 474 832 536 S.
856 470 1091 536 CYPRIANI

420 650 508 717 iram
543 647 613 718 Dei
645 669 749 739 posse
782 645 903 729 lenire,
933 648 971 716 in
999 647 1189 717 novissima
1217 653 1340 716 tamen
1368 653 1471 739 parte

421 763 665 834 demonstrans
690 761 773 832 solis
799 760 1032 854 eleemosynis
1056 760 1176 832 Deum
1203 783 1305 853 posse
1330 759 1470 853 planari,

272 885 314 936 ..a
336 885 376 932 vii
421 879 558 949 addidit
591 878 730 948 dicens:
775 874 918 975 Frempe
946 877 1112 950 esurienti
1139 900 1266 972 parem
1300 885 1406 960 taam,
1440 887 1472 950 at

423 1017 541 1091 aperior
570 994 645 1064 rime
677 1001 761 1065 tecto
795 992 901 1064 indae
935 994 973 1064 im
1008 991 1145 1065 domam
1180 1002 1284 1066 taam.
1344 991 1390 1068 Si
1423 993 1473 1066 υἱ·

423 1109 517 1181 deris
539 1111 679 1194 radam,
696 1110 780 1182 resti
805 1134 892 1193 emm,
910 1119 942 1182 et
958 1109 1156 1182 domesticos
1175 1109 1317 1182 reminis
1334 1111 1387 1180 tri
1403 1129 1499 1194 rens

424 1224 603 1321 despicias.
657 1225 756 1298 Turre
778 1235 930 1321 erumpet
954 1235 1208 1322 ampmaamm
1230 1224 1343 1298 tamem
1367 1234 1473 1309 terrm,

425 1352 456 1412 at
478 1343 674 1414 vestimenta
696 1352 756 1414 tae
779 1343 847 1414 rito
868 1343 1034 1425 orientur,
1052 1351 1083 1414 et
1098 1339 1241 1437 prema
1257 1349 1335 1414 arte
1352 1350 1384 1412 te
1395 1341 1474 1434 jam

426 1460 514 1542 titia,
542 1469 573 1530 et
594 1458 734 1532 claritas
756 1458 828 1530 Dei
851 1457 1075 1531 circumdabit
1096 1468 1137 1530 te.
1184 1456 1284 1538 Tame
1305 1456 1474 1530 metama-

425 1574 486 1659 bis,
504 1585 536 1647 et
551 1574 649 1647 Deua
666 1574 827 1648 eraadiet
848 1584 888 1646 te.
941 1573 1038 1647 Dum
1056 1573 1167 1646 adher
1190 1573 1339 1669 toqaerio
1362 1575 1472 1648 dieat:

426 1691 517 1764 Eece
541 1691 672 1764 adsum
725 1692 898 1764 Remedia
921 1692 1143 1786 propitiando
1169 1691 1248 1762 Deo
1271 1693 1380 1785 ipsius
1405 1692 1522 1764 Dei10

428 1810 544 1881 verbis
578 1811 661 1880 data
690 1817 793 1892 sunt;
826 1809 913 1900 quid
943 1809 1115 1880 deberent
1143 1808 1259 1880 faeere
1288 1818 1475 1901 peccantes

428 1927 631 2021 magisteria
648 1927 767 1997 divina
782 1927 990 2008 docuerunt,
1004 1913 1266 2019 operationibus
1276 1927 1383 2018 justis
1397 1924 1476 1996 Deo
1560 1950 1563 1960 ·

331 2087 338 2100 ·
386 2052 401 2100 '·
429 2043 599 2123 satisfieri,
622 2042 872 2112 misericordiae
897 2042 1033 2112 meritis
1056 2035 1203 2132 pe’ecata
1224 2043 1377 2134 purgari.
1428 2039 1476 2112 Et

428 2159 523 2252 apud
541 2156 768 2228 Salomonem
787 2157 957 2252 legimus:
986 2155 1158 2230 Cometade
1178 2155 1422 2252 eleemosynam
1438 2157 1477 2231 ia

429 2271 530 2344 eorde
540 2273 717 2366 pauperis,
735 2281 766 2343 et
788 2270 861 2343 liceo
877 2296 947 2367 pro
964 2281 996 2344 te
1018 2270 1173 2343 erorahit
1195 2270 1236 2344 ab
1260 2271 1354 2344 ommi
1376 2269 1476 2344 malo.
1489 2293 1522 2351 15

430 2389 479 2459 Et
501 2390 651 2458 iterum:
679 2387 749 2477 Qui
776 2387 910 2460 obteret
932 2412 1033 2460 aures
1055 2411 1098 2460 me
1120 2387 1242 2460 audiat
1265 2387 1476 2470 imtem'ttrm

428 2513 461 2576 et
477 2505 550 2599 ipre
573 2502 740 2575 invocabit
755 2503 881 2588 Deam,
898 2514 930 2577 et
952 2529 1022 2576 mom
1045 2505 1112 2577 erit
1129 2506 1190 2600 qai
1206 2505 1371 2578 erardiat
1389 2529 1476 2578 eam

432 2619 561 2712 Neque
579 2622 674 2690 enim
690 2623 882 2714 promereri
895 2623 1170 2694 misericordiam
1184 2621 1330 2694 Domini
1347 2623 1477 2716 poterit

430 2739 490 2829 qui
507 2738 704 2808 misericors
726 2740 802 2830 ipse
825 2762 896 2810 non
918 2739 1117 2820 factitant
1139 2739 1344 2832 impetrabit
1361 2740 1406 2810 de
1425 2739 1479 2808 di·

431 2854 513 2923 vina
527 2855 662 2946 pietate
684 2854 816 2945 aliquid
843 2856 881 2925 in
903 2856 1066 2948 precibus
1083 2856 1143 2948 qui
1167 2857 1212 2927 ad
1235 2878 1375 2949 precem
1393 2875 1527 2949 pau-20

431 2972 525 3064 peris
546 2992 618 3040 non
642 2971 750 3041 fuerit
773 2970 960 3042 humanus.
1012 2971 1118 3054 Quod
1143 2973 1233 3044 item
1261 2974 1298 3043 in
1330 2971 1478 3044 Psalmis

344 3111 377 3142 x·
433 3085 585 3179 Spiritus
613 3086 765 3160 Sanetus
788 3086 944 3158 declarat
969 3095 1007 3159 et
1031 3088 1158 3180 probat
1182 3089 1322 3160 dicens:
1347 3086 1478 3162 Beatm

432 3202 493 3296 qai
513 3201 673 3300 imtettipit
693 3226 797 3296 saper
817 3225 957 3299 eperum
978 3211 1010 3274 et
1023 3225 1223 3298 pauperem,
1245 3203 1283 3274 im
1307 3202 1364 3275 die
1388 3203 1479 3278 mala

431 3316 587 3388 liberabit
599 3341 674 3388 erm
687 3317 871 3390 Domimm.
903 3318 1063 3402 Quorum
1076 3328 1332 3412 praceptorum
1343 3344 1480 3392 memor

433 3432 571 3515 Daniel,
601 3456 684 3504 oum
717 3457 781 3504 rex
810 3433 1139 3506 Nabuchodonosor
1167 3437 1313 3508 adverso
1343 3439 1529 3516 somnio²⁵

431 3551 576 3621 territus
602 3559 781 3631 aestuaret,
807 3573 870 3643 pro
897 3553 1098 3622 avertendis
1125 3551 1228 3624 malis
1252 3553 1297 3627 ad
1325 3555 1479 3626 divinam

433 3689 537 3760 opem
564 3666 822 3758 impetrandam
851 3669 1047 3738 remedium
1070 3668 1170 3738 dedit
1191 3670 1330 3742 dioens:
1365 3668 1480 3766 Prap-

433 3791 534 3865 teree,
551 3806 625 3865 rea,
643 3781 825 3854 comitiam
847 3806 957 3854 meum
974 3781 1248 3877 petractata
1263 3795 1405 3880 peraeta
1422 3795 1481 3860 aa

433 3896 651 3993 eleemosynis
678 3896 808 3968 redime
830 3907 861 3970 et
885 3898 1072 3991 trajectitias
1102 3907 1178 3970 taes
1205 3900 1481 3985 miserationibus

429 4037 632 4110 perperam,
661 4015 784 4084 eterit
809 4012 907 4086 Deua
933 4039 1080 4110 perceris
1104 4017 1255 4110 pereatis
1282 4019 1361 4090 tais.
1413 4019 1540 4102 caso

434 4155 498 4200 rex
516 4153 588 4202 non
608 4130 855 4220 obtemperans
876 4132 1022 4203 adversa
1038 4155 1116 4224 quae
1139 4134 1275 4204 viderat
1296 4142 1334 4206 et
1354 4135 1485 4211 infesta

435 4269 619 4338 perpessus
646 4255 722 4317 est:
759 4270 839 4338 quae
865 4247 1014 4318 evadere
1039 4257 1077 4318 et
1104 4250 1216 4320 vitare
1244 4253 1427 4344 potuisset,
1454 4256 1483 4324 si

435 4371 581 4455 peceato
597 4383 660 4432 sua
676 4361 906 4456 eleemosynis
920 4365 1134 4436 redemisset.
1167 4366 1325 4459 Raphsiil
1342 4389 1485 4461 quoque
