3294 5192
464 1481 535 1564 IN
569 1481 933 1565 SYMBOLUM
969 1481 1054 1563 ET
1093 1478 1392 1563 CANONES

700 1727 895 1799 NICAENI
922 1726 1154 1798 CONCILII

624 1948 1230 2054 ANNOTATIONES.

796 2241 1062 2277 ...Φ-..-

453 2423 490 2489 Ρ.
520 2426 595 2507 367.
625 2423 645 2487 l.
674 2442 700 2486 1.
731 2422 905 2487 Sannorum
936 2423 1109 2508 Nrcnnuu]
1149 2425 1326 2508 Postquam
1363 2419 1455 2486 Fidei

410 2508 432 2573 S
487 2509 594 2573 bolum
609 2509 774 2572 Nicaenum
785 2509 908 2572 collatis
922 2509 1007 2574 inter
1021 2531 1055 2574 se
1069 2509 1178 2573 multis
1191 2531 1230 2574 ao
1240 2508 1336 2573 variis
1351 2531 1455 2572 exem-

408 2595 551 2682 paribus
573 2616 668 2680 quam
693 2594 993 2672 emendatissimum,
1017 2605 1053 2660 ut
1075 2595 1209 2681 speravi,
1231 2595 1453 2680 praestiteram,

409 2681 501 2745 valde
515 2681 641 2766 gavisus
656 2701 726 2744 sum
739 2680 953 2745 recensionem
968 2680 1074 2750 videre
1095 2702 1199 2745 meam
1217 2702 1289 2744 cum
1304 2679 1358 2744 ilio
1373 2700 1455 2764 aym-

412 2767 475 2830 boli
496 2767 641 2852 exemplo
661 2789 790 2850 prorsus
812 2768 1058 2844 convenientem,
1075 2767 1161 2852 quod
1182 2766 1256 2830 olim
1275 2767 1362 2850 apud
1382 2787 1455 2830 oon·

411 2853 516 2917 cilium
545 2853 801 2918 chalcedonense
829 2852 871 2916 ab
895 2852 1053 2917 Eunomio
1077 2853 1225 2938 episcopo
1249 2850 1454 2930 Nicomediae,

411 2939 442 3003 N
443 2939 533 3004 icaeni
548 2939 685 3025 episcopi
700 2938 955 3024 metropolitano,
971 2937 1140 3004 recitatum
1159 2946 1217 3002 est.
1264 2937 1380 3023 Itaque
1394 2937 1455 3002 hoo

411 3026 590 3112 exemplum
624 3027 684 3090 odo
718 3025 787 3103 tibi,
816 3025 860 3088 mi
895 3023 1021 3102 Lector,
1056 3032 1209 3110 tanquam
1244 3029 1384 3088 veterem
1416 3045 1455 3088 ac

411 3133 518 3176 veram
537 3112 671 3196 symboli
688 3110 801 3176 faciem
818 3120 1061 3196 repraesentans,
1077 3133 1144 3197 prae
1159 3108 1287 3194 reliquis
1307 3109 1455 3173 nimirum

411 3198 553 3261 formulis
572 3198 659 3283 apud
678 3197 746 3263 anti
770 3218 827 3260 uos
842 3203 989 3261 auctores
1007 3196 1210 3260 conservatis.
1251 3195 1302 3259 Ao
1317 3195 1453 3272 demum,

410 3291 448 3348 ut
462 3293 553 3348 votus
574 3284 736 3369 exemplar
748 3220 918 3360 hatinum,
942 3283 1027 3367 quod
1049 3283 1100 3346 hio
1121 3280 1279 3366 subjunxi,
1295 3282 1454 3358 omittam,

407 3370 562 3454 judicium
576 3391 681 3434 meum
698 3368 831 3433 ulterius
852 3369 1014 3433 firmatum
1028 3369 1092 3433 vidi
1115 3367 1238 3432 duobus
1258 3367 1329 3432 aliis
1351 3388 1455 3431 exem-

409 3456 480 3540 plis,
496 3478 567 3540 quae
583 3478 622 3518 ex
637 3455 760 3519 duobus
775 3454 935 3518 codicibus
951 3454 1075 3520 Latinis
1094 3453 1193 3518 edidit
1209 3455 1232 3516 J
1234 3474 1353 3517 oannes
1369 3453 1455 3516 Har-

410 3541 524 3605 duinua
538 3542 570 3605 in
581 3548 669 3606 tomo
681 3541 783 3627 primo
801 3539 1011 3617 Consiliorum,
1027 3563 1058 3625 p.
1073 3560 1110 3625 3¹
1121 3561 1146 3604 1.
1171 3539 1297 3603 Horum
1312 3539 1456 3602 codicum

410 3627 507 3711 prior,
530 3627 585 3711 qui
610 3628 670 3692 fuit
693 3626 768 3690 olim
793 3647 890 3710 ponas
911 3627 1098 3691 societatem
1115 3625 1205 3700 Jesu‚
1228 3647 1312 3689 anno
1336 3623 1456 3689 Christi

412 3713 475 3777 800
499 3714 644 3798 scriptus,
670 3712 839 3776 formulam
863 3712 1040 3796 praestabat
1069 3733 1140 3776 cum
1167 3709 1379 3775 Chalcedonio
1402 3733 1455 3774 ox-

410 3800 523 3885 emplo,
540 3799 663 3863 duobus
677 3797 798 3862 minimi
810 3798 962 3862 momenti
982 3798 1059 3862 locis
1074 3797 1224 3882 exceptis,
1241 3797 1369 3860 omnino
1383 3818 1457 3860 con-

411 3886 609 3950 senticntem.
655 3884 808 3949 Videlicet
837 3905 902 3948 uno
924 3884 957 3948 in
978 3884 1048 3948 loco
1073 3883 1204 3948 additur
1223 3892 1357 3946 manua
1382 3888 1457 3968 post

410 3972 585 4049 Dominum,
601 3971 635 4035 iu
656 3972 758 4036 altero
772 3991 849 4034 vero
863 3991 963 4047 voces,
984 3971 1030 4034 Et
1050 3970 1160 4034 iterum
1185 3975 1261 4032 ante
1286 3968 1367 4044 illas,
1390 3989 1456 4030 aese-

409 4066 497 4122 tauas
521 4067 572 4134 eat,
597 4059 697 4122 oodex
724 4057 785 4121 iste
805 4055 936 4121 omittit.
981 4055 1077 4120 Alter
1096 4077 1170 4120 vero
1191 4054 1272 4118 liber
1293 4052 1366 4118 MS.
1382 4052 1457 4117 olim

410 4143 621 4221 Oolbertinus‚
637 4142 796 4229 geminam
816 4149 913 4226 atque
935 4140 1125 4205 simillimam
1141 4139 1274 4227 symboli
1288 4139 1457 4202 formulam

411 4229 591 4306 exhibebat,
607 4230 667 4292 nisi
690 4227 784 4314 quod,
801 4235 918 4313 praeter
939 4228 1035 4292 istam
1049 4227 1239 4291 varietatem
1258 4247 1355 4289 unum
1370 4225 1457 4288 aliud

410 4315 551 4392 verbum,
567 4315 724 4392 medimnos,
739 4321 812 4400 post
827 4313 1006 4392 articulum,
1023 4314 1065 4377 Io
1085 4313 1238 4398 Spiritum
1254 4313 1408 4390 Samma,
1424 4309 1458 4373 in

410 4421 448 4464 co
462 4400 642 4486 suppletum
658 4410 738 4464 erat.
