3316 5198
267 649 350 765 ΟΑΙΡΙ.

393 453 458 522 136
748 449 1090 516 TERTULLIANI

446 628 514 700 Ille
537 650 630 710 vero,
657 625 684 695 si
711 626 789 717 quis
814 634 869 698 est
889 625 989 717 cujus
1015 647 1120 696 causa
1148 625 1186 694 in
1215 644 1441 717 congressum

325 715 580 816 lldescendis
614 743 721 834 script
722 763 876 823 urorum,
907 748 949 810 ut
983 763 1065 810 eum
1101 740 1203 810 dubit
1188 749 1325 812 tantem
1359 763 1443 810 con·

395 863 522 943 firmes,
540 859 585 930 ad
603 860 799 940 veritatem,
817 879 863 926 an
888 858 1001 950 magis
1017 857 1061 926 ad
1079 855 1232 926 haereses
1249 855 1441 948 deverget?

396 977 478 1047 Hoc
508 978 583 1069 ipso
613 983 742 1057 motus,
772 973 867 1065 quod
897 980 935 1043 te
959 973 1077 1043 videat
1102 972 1190 1042 nihil
1217 973 1441 1064 promovisse,

396 1116 500 1184 aequo
526 1090 639 1185 gradu
667 1089 819 1183 negandi
843 1096 881 1158 et
910 1089 1122 1160 defendendi
1150 1090 1287 1160 diversa
1308 1086 1400 1182 (sor.
1421 1106 1469 1167 os

397 1211 547 1302 diverso)
565 1217 665 1301 parte
690 1215 886 1288 statutum3
912 1213 1009 1276 certe
1038 1206 1083 1278 de
1112 1206 1187 1298 pari
1212 1204 1443 1276 altercatione

396 1323 562 1392 incertior
588 1319 755 1400 discedot,
781 1319 941 1392 nesciens
966 1345 1073 1414 quam
1106 1321 1271 1392 haeresim
1292 1321 1442 1413 judicet.

398 1438 490 1510 Haec
507 1438 631 1529 utique
649 1445 686 1506 et
704 1437 769 1528 ipsi
794 1437 928 1508 habent
951 1439 988 1507 in
1014 1461 1077 1508 nos
1103 1447 1316 1529 retorquere.
1369 1435 1446 1506 Ne-

398 1576 496 1624 cesse
519 1561 574 1624 est
592 1553 687 1622 enim
714 1560 751 1622 et
768 1550 846 1624 iilos
873 1552 1043 1634 diceres
1072 1554 1173 1624 nobis
1202 1553 1321 1644 potius
1346 1551 1446 1622 adul-

398 1670 488 1738 teria
521 1669 782 1762 scripturarum,
817 1677 854 1740 et
880 1671 1143 1761 expositionum
1176 1669 1361 1740 mendacia
1394 1669 1446 1738 in·
1461 1689 1494 1728 ¹0

399 1785 491 1868 ferri,
534 1786 594 1876 qui
636 1785 783 1878 proinde
817 1782 911 1878 (sor.
946 1786 1106 1879 perinde)
1145 1786 1211 1858 sibi
1254 1785 1446 1856 defendant

400 1902 598 1972 veritatem.

350 2069 357 2084 .
452 2017 546 2112 Ergo
563 2039 635 2087 non
656 2015 700 2086 od
727 2017 916 2108 scripturas
938 2018 1201 2110 provocandum
1218 2027 1293 2089 est:
1318 2040 1385 2088 uec
1409 2018 1447 2086 in

344 2134 349 2146 '
400 2133 455 2204 his
485 2132 774 2205 constituendum
803 2141 994 2214 certamen,
1025 2136 1062 2203 in
1092 2135 1220 2226 quibus
1253 2143 1316 2205 aut
1349 2133 1447 2204 nulla

399 2258 462 2318 aut
478 2249 615 2318 incerta
631 2247 778 2318 victoria
802 2257 866 2330 est,
885 2258 948 2319 aut
966 2273 1029 2343 par
1045 2253 1202 2322 incertae.
1256 2251 1352 2322 Nem
1379 2250 1446 2320 etsi
1462 2267 1493 2328 15

399 2387 471 2434 non
488 2365 539 2434 ito
555 2363 721 2434 evaderet
738 2363 892 2434 conlatio
918 2368 1179 2458 seripturarum,
1200 2377 1241 2437 ut
1259 2375 1446 2458 utramque

402 2486 537 2571 partem
556 2500 676 2570 parem
694 2479 844 2561 sisteret,
862 2482 948 2554 ordo
971 2506 1090 2553 rerum
1108 2484 1338 2566 desiderabat,
1357 2482 1445 2558 illud

402 2596 497 2688 prius
527 2595 684 2686 proponi,
708 2595 802 2685 quod
829 2620 922 2668 nuno
949 2599 1063 2669 solum
1090 2601 1342 2692 disputandum
1371 2607 1445 2669 est:

288 2735 290 2740 ⁸
401 2710 540 2795 Quibus
557 2717 737 2801 competat
762 2710 849 2782 fides
871 2713 972 2805 ipsa?
1009 2713 1120 2807 Cujus
1145 2716 1216 2786 sint
1236 2715 1445 2808 scripturae?

401 2823 535 2918 Aque,
553 2834 590 2896 et
616 2848 679 2918 per
703 2848 800 2917 quos,
819 2836 856 2898 et
873 2829 1023 2920 quando,
1042 2838 1079 2900 et
1096 2831 1223 2922 quibus
1248 2833 1295 2901 sit
1317 2832 1496 2902 tradituro

401 2941 594 3034 disciplina,
622 2964 692 3033 qua
715 2943 807 3012 fiunt
830 2942 1044 3016 Christiani?
1071 2943 1145 3016 Ubi
1175 2948 1270 3016 enim
1299 2970 1448 3040 apparu·

400 3059 468 3132 erit
484 3080 561 3128 esse
578 3058 765 3128 veritatem
784 3067 821 3128 ct
838 3060 1033 3152 disciplinae
1050 3071 1088 3133 et
1109 3063 1191 3132 fidei
1216 3062 1447 3145 Christianae3

400 3173 471 3246 illie
500 3174 567 3244 erit
593 3174 721 3244 veritas
751 3176 1013 3268 scripturarum,
1044 3187 1082 3248 et
1112 3181 1384 3272 expositionum,
1410 3187 1447 3249 et

398 3292 557 3362 omnium
583 3289 815 3362 traditionum
841 3291 1131 3364 Christianarum.

350 3465 356 3478 .
450 3406 611 3480 Christus
636 3405 742 3478 Jesus
771 3407 946 3479 Dominus
971 3417 1101 3492 noster,
1123 3411 1308 3501 permittat
1330 3412 1446 3481 dicore
1459 3439 1493 3498 ²5

335 3529 342 3544 '
399 3525 554 3608 interim,
572 3523 729 3614 quisquis
747 3535 812 3606 est,
830 3526 1083 3618 cujuscumque
1105 3525 1174 3595 Dei
1192 3525 1314 3610 Filius,
1331 3528 1447 3619 cujus-

234 3911 306 3957 Joou·
317 3907 350 3954 ix.

234 3976 332 4022 docum
317 3971 367 4048 viii.

235 4037 346 4087 Josrurr

236 4101 265 4150 M
267 4101 344 4151 attxi

236 4167 310 4217 Moto

236 4233 280 4280 Ma
281 4231 353 4281 taxii

236 4297 281 4346 Mu
281 4305 346 4346 m.

236 4363 281 4412 Mo
282 4371 370 4412 tcxxu

399 3660 551 3730 cumque
576 3640 735 3710 materiae
761 3639 868 3710 homo
894 3649 932 3711 et
955 3639 1063 3722 Deus,
1085 3641 1338 3734 cujuscumque
1364 3641 1446 3713 fidei

398 3761 605 3847 praeceptor‚
623 3754 878 3847 cujuscumque
898 3756 1071 3825 mercedis
1088 3758 1335 3849 repromissor;
1361 3759 1445 3850 quid

399 3878 501 3952 esset,
519 3869 603 3962 quid
629 3869 762 3952 fuisset,
781 3893 886 3963 quam
911 3871 1026 3943 Patris
1052 3872 1272 3944 voluntatem
1298 3875 1448 3945 admini-

400 3995 536 4070 straret,
560 3987 644 4078 quid
673 3985 808 4058 homini
838 3989 1015 4082 agendum
1045 3989 1306 4073 determinaret,
1325 4013 1447 4083 quam-
1432 4007 1494 4065 -30

347 4100 497 4173 ¹·diu'
487 4125 525 4172 ιιι
548 4102 649 4173 terris
672 4104 844 4196 agebat,
834 4128 909 4198 lpse
935 4107 1190 4199 pronunciabat
1215 4108 1289 4177 sive
1315 4106 1446 4200 populo

339 4199 526 4318 apulam,
556 4216 630 4288 sive
661 4216 798 4290 discent
799 4219 877 4291 ibus
907 4245 1087 4293 seorsum.
1122 4247 1169 4294 ex
1203 4223 1330 4315 quibus
1360 4224 1446 4292 duo-

365 4329 515 4410 ··,‚decim
558 4327 754 4424 praecipuos
788 4335 890 4406 lateri
930 4359 993 4407 suo
1027 4338 1218 4432 adlegerat,
1193 4339 1331 4409 ttdes
1316 4337 1447 4409 tinctos
