<?xml version="1.0" encoding="UTF-8"?>
<!DOCTYPE html PUBLIC "-//W3C//DTD XHTML 1.0 Transitional//EN"
    "http://www.w3.org/TR/xhtml1/DTD/xhtml1-transitional.dtd">
<html xmlns="http://www.w3.org/1999/xhtml" xml:lang="en" lang="en">
 <head>
  <title>
</title>
<meta http-equiv="Content-Type" content="text/html;charset=utf-8" />
  <meta name='ocr-system' content='tesseract 3.04.00' />
  <meta name='ocr-capabilities' content='ocr_page ocr_carea ocr_par ocr_line ocrx_word'/>
</head>
<body>
  <div class='ocr_page' id='page_1' title='image "./scriptorumeccle00routgoog_0384.png"; bbox 0 0 3294 5192; ppageno 0'>
   <div class='ocr_carea' id='block_1_1' title="bbox 604 1219 897 1305">
    <p class='ocr_par' dir='ltr' id='par_1_1' title="bbox 604 1219 897 1305">
     <span class='ocr_line' id='line_1_1' title="bbox 604 1219 897 1305; baseline 0 -1"><span class='ocrx_word' id='word_1_1' title='bbox 604 1219 897 1305; x_wconf 86' lang='lat' dir='ltr'>CANONES</span> 
     </span>
    </p>
   </div>
   <div class='ocr_carea' id='block_1_2' title="bbox 408 1433 1097 1501">
    <p class='ocr_par' dir='ltr' id='par_1_2' title="bbox 408 1433 1097 1501">
     <span class='ocr_line' id='line_1_2' title="bbox 408 1433 1097 1501; baseline 0.006 -5"><span class='ocrx_word' id='word_1_2' title='bbox 408 1433 582 1499; x_wconf 84' lang='lat' dir='ltr'><strong>NIOAENI</strong></span> <span class='ocrx_word' id='word_1_3' title='bbox 606 1435 804 1501; x_wconf 82' lang='lat' dir='ltr'><strong>GONGILII</strong></span> <span class='ocrx_word' id='word_1_4' title='bbox 829 1433 1097 1500; x_wconf 81' lang='lat' dir='ltr'><strong>GENERALIS.</strong></span> 
     </span>
    </p>
   </div>
   <div class='ocr_carea' id='block_1_3' title="bbox 641 1644 862 1674">
    <p class='ocr_par' dir='ltr' id='par_1_3' title="bbox 641 1644 862 1674">
     <span class='ocr_line' id='line_1_3' title="bbox 641 1644 862 1674; baseline -0.005 -10"><span class='ocrx_word' id='word_1_5' title='bbox 641 1644 862 1674; x_wconf 49' lang='lat'><strong>-4-</strong></span> 
     </span>
    </p>
   </div>
   <div class='ocr_carea' id='block_1_4' title="bbox 240 1806 1258 1956">
    <p class='ocr_par' dir='ltr' id='par_1_4' title="bbox 240 1806 1258 1956">
     <span class='ocr_line' id='line_1_4' title="bbox 240 1806 1258 1874; baseline 0.004 -21"><span class='ocrx_word' id='word_1_6' title='bbox 240 1806 364 1870; x_wconf 83' lang='lat' dir='ltr'><strong>Incipiunt</strong></span> <span class='ocrx_word' id='word_1_7' title='bbox 375 1809 440 1858; x_wconf 85' lang='lat' dir='ltr'><strong>tituli</strong></span> <span class='ocrx_word' id='word_1_8' title='bbox 453 1811 582 1860; x_wconf 84' lang='lat' dir='ltr'><strong>canonum</strong></span> <span class='ocrx_word' id='word_1_9' title='bbox 594 1811 687 1859; x_wconf 76' lang='lat' dir='ltr'><strong>Nicnni</strong></span> <span class='ocrx_word' id='word_1_10' title='bbox 700 1809 810 1870; x_wconf 82' lang='lat' dir='ltr'><strong>Consilii,</strong></span> <span class='ocrx_word' id='word_1_11' title='bbox 822 1826 925 1861; x_wconf 84' lang='lat' dir='ltr'><strong>numero</strong></span> <span class='ocrx_word' id='word_1_12' title='bbox 936 1825 984 1860; x_wconf 86' lang='lat' dir='ltr'><strong>xx.</strong></span> <span class='ocrx_word' id='word_1_13' title='bbox 1009 1811 1049 1860; x_wconf 79' lang='lat' dir='ltr'><strong>Ex</strong></span> <span class='ocrx_word' id='word_1_14' title='bbox 1060 1810 1258 1874; x_wconf 70' lang='lat' dir='ltr'><strong>interpretatione</strong></span> 
     </span>
     <span class='ocr_line' id='line_1_5' title="bbox 637 1893 860 1956; baseline 0.004 -16"><span class='ocrx_word' id='word_1_15' title='bbox 637 1893 749 1956; x_wconf 86' lang='lat' dir='ltr'><strong>Dionysii</strong></span> <span class='ocrx_word' id='word_1_16' title='bbox 761 1893 860 1956; x_wconf 63' lang='lat' dir='ltr'><strong>uxtpu.</strong></span> 
     </span>
    </p>
   </div>
   <div class='ocr_carea' id='block_1_5' title="bbox 223 2003 1273 2184">
    <p class='ocr_par' dir='ltr' id='par_1_5' title="bbox 223 2003 1273 2184">
     <span class='ocr_line' id='line_1_6' title="bbox 223 2003 936 2086; baseline 0.004 -25"><span class='ocrx_word' id='word_1_17' title='bbox 223 2004 249 2062; x_wconf 96' lang='lat' dir='ltr'><strong>l.</strong></span> <span class='ocrx_word' id='word_1_18' title='bbox 272 2003 324 2062; x_wconf 78' lang='lat' dir='ltr'><strong>Dn</strong></span> <span class='ocrx_word' id='word_1_19' title='bbox 340 2005 492 2075; x_wconf 85' lang='lat' dir='ltr'><strong>eunuchis,</strong></span> <span class='ocrx_word' id='word_1_20' title='bbox 507 2007 602 2084; x_wconf 90' lang='lat' dir='ltr'><strong>etqui</strong></span> <span class='ocrx_word' id='word_1_21' title='bbox 617 2007 727 2086; x_wconf 87' lang='lat' dir='ltr'><strong>seipsos</strong></span> <span class='ocrx_word' id='word_1_22' title='bbox 742 2006 936 2066; x_wconf 87' lang='lat' dir='ltr'><strong>absciderunt.</strong></span> 
     </span>
     <span class='ocr_line' id='line_1_7' title="bbox 223 2100 1273 2184; baseline 0.003 -26"><span class='ocrx_word' id='word_1_23' title='bbox 223 2101 265 2159; x_wconf 96' lang='lat' dir='ltr'><strong>ll.</strong></span> <span class='ocrx_word' id='word_1_24' title='bbox 289 2100 336 2160; x_wconf 89' lang='lat' dir='ltr'><strong>De</strong></span> <span class='ocrx_word' id='word_1_25' title='bbox 349 2101 404 2170; x_wconf 89' lang='lat' dir='ltr'><strong>his,</strong></span> <span class='ocrx_word' id='word_1_26' title='bbox 419 2103 470 2180; x_wconf 91' lang='lat' dir='ltr'><strong>qui</strong></span> <span class='ocrx_word' id='word_1_27' title='bbox 491 2123 528 2162; x_wconf 82' lang='lat' dir='ltr'><strong>ex</strong></span> <span class='ocrx_word' id='word_1_28' title='bbox 549 2103 709 2181; x_wconf 86' lang='lat' dir='ltr'><strong>gentilibus</strong></span> <span class='ocrx_word' id='word_1_29' title='bbox 723 2113 790 2184; x_wconf 88' lang='lat' dir='ltr'><strong>post</strong></span> <span class='ocrx_word' id='word_1_30' title='bbox 804 2104 947 2182; x_wconf 84' lang='lat' dir='ltr'><strong>baptisma</strong></span> <span class='ocrx_word' id='word_1_31' title='bbox 966 2102 1004 2163; x_wconf 87' lang='lat' dir='ltr'><strong>nd</strong></span> <span class='ocrx_word' id='word_1_32' title='bbox 1022 2104 1174 2162; x_wconf 86' lang='lat' dir='ltr'><strong>clericatus</strong></span> <span class='ocrx_word' id='word_1_33' title='bbox 1195 2102 1273 2162; x_wconf 90' lang='lat' dir='ltr'><strong>ordi·</strong></span> 
     </span>
    </p>
   </div>
   <div class='ocr_carea' id='block_1_6' title="bbox 216 2211 1270 4404">
    <p class='ocr_par' dir='ltr' id='par_1_6' title="bbox 343 2211 644 2277">
     <span class='ocr_line' id='line_1_8' title="bbox 343 2211 644 2277; baseline 0.013 -23"><span class='ocrx_word' id='word_1_34' title='bbox 343 2217 410 2258; x_wconf 88' lang='lat' dir='ltr'><strong>nem</strong></span> <span class='ocrx_word' id='word_1_35' title='bbox 425 2211 644 2277; x_wconf 83' lang='lat' dir='ltr'><strong>promoventur.</strong></span> 
     </span>
    </p>

    <p class='ocr_par' dir='ltr' id='par_1_7' title="bbox 221 2292 792 2354">
     <span class='ocr_line' id='line_1_9' title="bbox 221 2292 792 2354; baseline 0.005 -4"><span class='ocrx_word' id='word_1_36' title='bbox 221 2292 281 2352; x_wconf 93' lang='lat'><strong>111.</strong></span> <span class='ocrx_word' id='word_1_37' title='bbox 304 2292 353 2352; x_wconf 84' lang='lat' dir='ltr'><strong>Dc</strong></span> <span class='ocrx_word' id='word_1_38' title='bbox 367 2294 598 2354; x_wconf 89' lang='lat' dir='ltr'><strong>subintroductis</strong></span> <span class='ocrx_word' id='word_1_39' title='bbox 612 2295 792 2354; x_wconf 85' lang='lat' dir='ltr'><strong>mulieribus.</strong></span> 
     </span>
    </p>

    <p class='ocr_par' dir='ltr' id='par_1_8' title="bbox 221 2391 1192 2473">
     <span class='ocr_line' id='line_1_10' title="bbox 221 2391 1192 2473; baseline 0.001 -23"><span class='ocrx_word' id='word_1_40' title='bbox 221 2391 278 2450; x_wconf 94' lang='lat' dir='ltr'><strong>IV.</strong></span> <span class='ocrx_word' id='word_1_41' title='bbox 302 2391 417 2458; x_wconf 76' lang='lat' dir='ltr'><strong>Deliis,</strong></span> <span class='ocrx_word' id='word_1_42' title='bbox 432 2393 483 2470; x_wconf 91' lang='lat' dir='ltr'><strong>qui</strong></span> <span class='ocrx_word' id='word_1_43' title='bbox 498 2391 534 2451; x_wconf 86' lang='lat' dir='ltr'><strong>ad</strong></span> <span class='ocrx_word' id='word_1_44' title='bbox 549 2394 747 2473; x_wconf 82' lang='lat' dir='ltr'><strong>episcopatum</strong></span> <span class='ocrx_word' id='word_1_45' title='bbox 762 2393 793 2450; x_wconf 90' lang='lat' dir='ltr'><strong>in</strong></span> <span class='ocrx_word' id='word_1_46' title='bbox 809 2392 965 2472; x_wconf 87' lang='lat' dir='ltr'><strong>provinciis</strong></span> <span class='ocrx_word' id='word_1_47' title='bbox 979 2391 1192 2471; x_wconf 83' lang='lat' dir='ltr'><strong>provehuntur.</strong></span> 
     </span>
    </p>

    <p class='ocr_par' dir='ltr' id='par_1_9' title="bbox 221 2486 612 2548">
     <span class='ocr_line' id='line_1_11' title="bbox 221 2486 612 2548; baseline 0.003 -2"><span class='ocrx_word' id='word_1_48' title='bbox 221 2489 261 2546; x_wconf 90' lang='lat' dir='ltr'><strong>V.</strong></span> <span class='ocrx_word' id='word_1_49' title='bbox 284 2486 331 2546; x_wconf 90' lang='lat' dir='ltr'><strong>De</strong></span> <span class='ocrx_word' id='word_1_50' title='bbox 345 2489 612 2548; x_wconf 81' lang='lat' dir='ltr'><strong>excommunicatis.</strong></span> 
     </span>
    </p>

    <p class='ocr_par' dir='ltr' id='par_1_10' title="bbox 221 2584 1177 2666">
     <span class='ocr_line' id='line_1_12' title="bbox 221 2584 1177 2666; baseline 0 -23"><span class='ocrx_word' id='word_1_51' title='bbox 221 2585 278 2644; x_wconf 93' lang='lat' dir='ltr'><strong>VI.</strong></span> <span class='ocrx_word' id='word_1_52' title='bbox 300 2584 348 2644; x_wconf 87' lang='lat' dir='ltr'><strong>Dc</strong></span> <span class='ocrx_word' id='word_1_53' title='bbox 363 2585 531 2665; x_wconf 71' lang='lat' dir='ltr'><strong>priuilegiis</strong></span> <span class='ocrx_word' id='word_1_54' title='bbox 547 2605 612 2664; x_wconf 84' lang='lat' dir='ltr'><strong>quse</strong></span> <span class='ocrx_word' id='word_1_55' title='bbox 626 2585 798 2664; x_wconf 86' lang='lat' dir='ltr'><strong>quibusdam</strong></span> <span class='ocrx_word' id='word_1_56' title='bbox 814 2587 983 2646; x_wconf 87' lang='lat' dir='ltr'><strong>civitatibus</strong></span> <span class='ocrx_word' id='word_1_57' title='bbox 996 2597 1177 2666; x_wconf 88' lang='lat' dir='ltr'><strong>competunt.</strong></span> 
     </span>
    </p>

    <p class='ocr_par' dir='ltr' id='par_1_11' title="bbox 221 2681 1032 2764">
     <span class='ocr_line' id='line_1_13' title="bbox 221 2681 1032 2764; baseline 0.004 -24"><span class='ocrx_word' id='word_1_58' title='bbox 221 2681 295 2740; x_wconf 93' lang='lat' dir='ltr'><strong>VII.</strong></span> <span class='ocrx_word' id='word_1_59' title='bbox 311 2682 357 2740; x_wconf 91' lang='lat' dir='ltr'><strong>De</strong></span> <span class='ocrx_word' id='word_1_60' title='bbox 371 2683 507 2762; x_wconf 86' lang='lat' dir='ltr'><strong>episcopo</strong></span> <span class='ocrx_word' id='word_1_61' title='bbox 522 2684 616 2750; x_wconf 80' lang='lat' dir='ltr'><strong>AElie,</strong></span> <span class='ocrx_word' id='word_1_62' title='bbox 631 2683 662 2742; x_wconf 89' lang='lat' dir='ltr'><strong>id</strong></span> <span class='ocrx_word' id='word_1_63' title='bbox 677 2695 731 2752; x_wconf 91' lang='lat' dir='ltr'><strong>est,</strong></span> <span class='ocrx_word' id='word_1_64' title='bbox 748 2682 1032 2764; x_wconf 81' lang='lat' dir='ltr'><strong>Hierosolymorum.</strong></span> 
     </span>
    </p>

    <p class='ocr_par' dir='ltr' id='par_1_12' title="bbox 220 2776 1047 2856">
     <span class='ocr_line' id='line_1_14' title="bbox 220 2776 1047 2856; baseline 0.004 -22"><span class='ocrx_word' id='word_1_65' title='bbox 220 2776 311 2836; x_wconf 97' lang='lat' dir='ltr'><strong>VIII.</strong></span> <span class='ocrx_word' id='word_1_66' title='bbox 334 2779 381 2836; x_wconf 89' lang='lat' dir='ltr'><strong>De</strong></span> <span class='ocrx_word' id='word_1_67' title='bbox 394 2778 440 2837; x_wconf 80' lang='lat' dir='ltr'><strong>hle</strong></span> <span class='ocrx_word' id='word_1_68' title='bbox 454 2780 505 2856; x_wconf 89' lang='lat' dir='ltr'><strong>qui</strong></span> <span class='ocrx_word' id='word_1_69' title='bbox 519 2778 658 2840; x_wconf 87' lang='lat' dir='ltr'><strong>dicuntur</strong></span> <span class='ocrx_word' id='word_1_70' title='bbox 673 2780 804 2846; x_wconf 83' lang='lat' dir='ltr'><strong>CatharI,</strong></span> <span class='ocrx_word' id='word_1_71' title='bbox 819 2779 850 2839; x_wconf 90' lang='lat' dir='ltr'><strong>id</strong></span> <span class='ocrx_word' id='word_1_72' title='bbox 864 2790 919 2848; x_wconf 86' lang='lat' dir='ltr'><strong>est,</strong></span> <span class='ocrx_word' id='word_1_73' title='bbox 934 2779 1047 2839; x_wconf 88' lang='lat' dir='ltr'><strong>mundi.</strong></span> 
     </span>
    </p>

    <p class='ocr_par' dir='ltr' id='par_1_13' title="bbox 219 2871 1270 3028">
     <span class='ocr_line' id='line_1_15' title="bbox 219 2871 1270 2954; baseline 0.002 -25"><span class='ocrx_word' id='word_1_74' title='bbox 219 2871 276 2931; x_wconf 93' lang='lat' dir='ltr'><strong>IX.</strong></span> <span class='ocrx_word' id='word_1_75' title='bbox 299 2872 346 2932; x_wconf 87' lang='lat' dir='ltr'><strong>De</strong></span> <span class='ocrx_word' id='word_1_76' title='bbox 359 2874 414 2940; x_wconf 85' lang='lat' dir='ltr'><strong>his,</strong></span> <span class='ocrx_word' id='word_1_77' title='bbox 429 2875 479 2952; x_wconf 91' lang='lat' dir='ltr'><strong>qui</strong></span> <span class='ocrx_word' id='word_1_78' title='bbox 494 2874 531 2932; x_wconf 84' lang='lat' dir='ltr'><strong>ad</strong></span> <span class='ocrx_word' id='word_1_79' title='bbox 544 2875 684 2934; x_wconf 87' lang='lat' dir='ltr'><strong>honorem</strong></span> <span class='ocrx_word' id='word_1_80' title='bbox 706 2875 879 2954; x_wconf 85' lang='lat' dir='ltr'><strong>presbyterii</strong></span> <span class='ocrx_word' id='word_1_81' title='bbox 900 2875 963 2934; x_wconf 81' lang='lat' dir='ltr'><strong>sine</strong></span> <span class='ocrx_word' id='word_1_82' title='bbox 985 2875 1118 2934; x_wconf 84' lang='lat' dir='ltr'><strong>examine</strong></span> <span class='ocrx_word' id='word_1_83' title='bbox 1141 2875 1270 2953; x_wconf 87' lang='lat' dir='ltr'><strong>provecti</strong></span> 
     </span>
     <span class='ocr_line' id='line_1_16' title="bbox 341 2979 419 3028; baseline 0 0"><span class='ocrx_word' id='word_1_84' title='bbox 341 2979 419 3028; x_wconf 88' lang='lat' dir='ltr'><strong>snut.</strong></span> 
     </span>
    </p>

    <p class='ocr_par' dir='ltr' id='par_1_14' title="bbox 219 3064 1268 3244">
     <span class='ocr_line' id='line_1_17' title="bbox 219 3064 1268 3147; baseline 0.002 -25"><span class='ocrx_word' id='word_1_85' title='bbox 219 3064 259 3125; x_wconf 91' lang='lat' dir='ltr'><strong>X.</strong></span> <span class='ocrx_word' id='word_1_86' title='bbox 282 3065 329 3124; x_wconf 90' lang='lat' dir='ltr'><strong>De</strong></span> <span class='ocrx_word' id='word_1_87' title='bbox 350 3067 405 3134; x_wconf 84' lang='lat' dir='ltr'><strong>his,</strong></span> <span class='ocrx_word' id='word_1_88' title='bbox 420 3067 470 3144; x_wconf 90' lang='lat' dir='ltr'><strong>qui</strong></span> <span class='ocrx_word' id='word_1_89' title='bbox 492 3069 522 3126; x_wconf 90' lang='lat' dir='ltr'><strong>in</strong></span> <span class='ocrx_word' id='word_1_90' title='bbox 542 3067 793 3147; x_wconf 72' lang='lat' dir='ltr'><strong>persecutionibus</strong></span> <span class='ocrx_word' id='word_1_91' title='bbox 818 3077 1010 3146; x_wconf 73' lang='lat' dir='ltr'><strong>negaverunt,</strong></span> <span class='ocrx_word' id='word_1_92' title='bbox 1032 3079 1062 3126; x_wconf 87' lang='lat' dir='ltr'><strong>et</strong></span> <span class='ocrx_word' id='word_1_93' title='bbox 1083 3065 1268 3145; x_wconf 85' lang='lat' dir='ltr'><strong>postmodum</strong></span> 
     </span>
     <span class='ocr_line' id='line_1_18' title="bbox 339 3163 695 3244; baseline 0 -22"><span class='ocrx_word' id='word_1_94' title='bbox 339 3165 369 3222; x_wconf 89' lang='lat' dir='ltr'><strong>iu</strong></span> <span class='ocrx_word' id='word_1_95' title='bbox 384 3163 462 3224; x_wconf 88' lang='lat' dir='ltr'><strong>clero</strong></span> <span class='ocrx_word' id='word_1_96' title='bbox 476 3166 600 3244; x_wconf 88' lang='lat' dir='ltr'><strong>promoti</strong></span> <span class='ocrx_word' id='word_1_97' title='bbox 616 3176 695 3223; x_wconf 87' lang='lat' dir='ltr'><strong>sunt.</strong></span> 
     </span>
    </p>

    <p class='ocr_par' dir='ltr' id='par_1_15' title="bbox 217 3259 721 3339">
     <span class='ocr_line' id='line_1_19' title="bbox 217 3259 721 3339; baseline -0.002 -20"><span class='ocrx_word' id='word_1_98' title='bbox 217 3259 275 3319; x_wconf 90' lang='lat' dir='ltr'><strong>XI.</strong></span> <span class='ocrx_word' id='word_1_99' title='bbox 299 3260 346 3320; x_wconf 90' lang='lat' dir='ltr'><strong>De</strong></span> <span class='ocrx_word' id='word_1_100' title='bbox 360 3260 452 3328; x_wconf 87' lang='lat' dir='ltr'><strong>laicis,</strong></span> <span class='ocrx_word' id='word_1_101' title='bbox 465 3260 516 3339; x_wconf 91' lang='lat' dir='ltr'><strong>qui</strong></span> <span class='ocrx_word' id='word_1_102' title='bbox 530 3271 721 3339; x_wconf 78' lang='lat' dir='ltr'><strong>negaverunt.</strong></span> 
     </span>
    </p>

    <p class='ocr_par' dir='ltr' id='par_1_16' title="bbox 217 3355 1268 3534">
     <span class='ocr_line' id='line_1_20' title="bbox 217 3355 1268 3445; baseline -0.001 -29"><span class='ocrx_word' id='word_1_103' title='bbox 217 3356 294 3418; x_wconf 95' lang='lat' dir='ltr'><strong>Xll.</strong></span> <span class='ocrx_word' id='word_1_104' title='bbox 317 3358 363 3416; x_wconf 84' lang='lat' dir='ltr'><strong>De</strong></span> <span class='ocrx_word' id='word_1_105' title='bbox 378 3358 433 3428; x_wconf 84' lang='lat' dir='ltr'><strong>his,</strong></span> <span class='ocrx_word' id='word_1_106' title='bbox 448 3359 498 3436; x_wconf 92' lang='lat' dir='ltr'><strong>qui</strong></span> <span class='ocrx_word' id='word_1_107' title='bbox 520 3359 812 3428; x_wconf 74' lang='lat' dir='ltr'><strong>abrenunciaverunt,</strong></span> <span class='ocrx_word' id='word_1_108' title='bbox 827 3359 979 3418; x_wconf 88' lang='lat' dir='ltr'><strong>etiterum</strong></span> <span class='ocrx_word' id='word_1_109' title='bbox 996 3357 1033 3417; x_wconf 85' lang='lat' dir='ltr'><strong>nd</strong></span> <span class='ocrx_word' id='word_1_110' title='bbox 1047 3355 1183 3416; x_wconf 69' lang='lat' dir='ltr'><strong>seculum</strong></span> <span class='ocrx_word' id='word_1_111' title='bbox 1199 3369 1268 3445; x_wconf 81' lang='lat' dir='ltr'><strong>sunt</strong></span> 
     </span>
     <span class='ocr_line' id='line_1_21' title="bbox 338 3456 471 3534; baseline 0.015 -22"><span class='ocrx_word' id='word_1_112' title='bbox 338 3456 471 3534; x_wconf 80' lang='lat' dir='ltr'><strong>regressi.</strong></span> 
     </span>
    </p>

    <p class='ocr_par' dir='ltr' id='par_1_17' title="bbox 217 3551 1207 3632">
     <span class='ocr_line' id='line_1_22' title="bbox 217 3551 1207 3632; baseline -0.001 -23"><span class='ocrx_word' id='word_1_113' title='bbox 217 3551 309 3610; x_wconf 91' lang='lat' dir='ltr'><strong>XIII.</strong></span> <span class='ocrx_word' id='word_1_114' title='bbox 331 3551 379 3611; x_wconf 87' lang='lat' dir='ltr'><strong>De</strong></span> <span class='ocrx_word' id='word_1_115' title='bbox 392 3552 447 3621; x_wconf 87' lang='lat' dir='ltr'><strong>his,</strong></span> <span class='ocrx_word' id='word_1_116' title='bbox 462 3553 514 3630; x_wconf 91' lang='lat' dir='ltr'><strong>qui</strong></span> <span class='ocrx_word' id='word_1_117' title='bbox 527 3553 759 3612; x_wconf 89' lang='lat' dir='ltr'><strong>communionem</strong></span> <span class='ocrx_word' id='word_1_118' title='bbox 775 3563 906 3632; x_wconf 86' lang='lat' dir='ltr'><strong>tempore</strong></span> <span class='ocrx_word' id='word_1_119' title='bbox 920 3551 1023 3610; x_wconf 89' lang='lat' dir='ltr'><strong>mortis</strong></span> <span class='ocrx_word' id='word_1_120' title='bbox 1036 3559 1207 3630; x_wconf 86' lang='lat' dir='ltr'><strong>exposcunt.</strong></span> 
     </span>
    </p>

    <p class='ocr_par' dir='ltr' id='par_1_18' title="bbox 216 3648 717 3730">
     <span class='ocr_line' id='line_1_23' title="bbox 216 3648 717 3730; baseline 0.002 -23"><span class='ocrx_word' id='word_1_121' title='bbox 216 3648 307 3708; x_wconf 90' lang='lat' dir='ltr'><strong>XIV.</strong></span> <span class='ocrx_word' id='word_1_122' title='bbox 330 3650 377 3709; x_wconf 92' lang='lat' dir='ltr'><strong>De</strong></span> <span class='ocrx_word' id='word_1_123' title='bbox 391 3650 606 3709; x_wconf 81' lang='lat' dir='ltr'><strong>catechumenis</strong></span> <span class='ocrx_word' id='word_1_124' title='bbox 619 3649 717 3730; x_wconf 79' lang='lat' dir='ltr'><strong>lapsis.</strong></span> 
     </span>
    </p>

    <p class='ocr_par' dir='ltr' id='par_1_19' title="bbox 217 3744 798 3826">
     <span class='ocr_line' id='line_1_24' title="bbox 217 3744 798 3826; baseline 0 -23"><span class='ocrx_word' id='word_1_125' title='bbox 217 3744 289 3803; x_wconf 89' lang='lat' dir='ltr'><strong>XV.</strong></span> <span class='ocrx_word' id='word_1_126' title='bbox 312 3745 401 3818; x_wconf 89' lang='lat' dir='ltr'><strong>Quod</strong></span> <span class='ocrx_word' id='word_1_127' title='bbox 415 3766 474 3804; x_wconf 91' lang='lat' dir='ltr'><strong>non</strong></span> <span class='ocrx_word' id='word_1_128' title='bbox 488 3756 621 3826; x_wconf 86' lang='lat' dir='ltr'><strong>oporteat</strong></span> <span class='ocrx_word' id='word_1_129' title='bbox 635 3745 798 3824; x_wconf 80' lang='lat' dir='ltr'><strong>demigrari.</strong></span> 
     </span>
    </p>

    <p class='ocr_par' dir='ltr' id='par_1_20' title="bbox 216 3841 1265 4018">
     <span class='ocr_line' id='line_1_25' title="bbox 216 3841 1265 3921; baseline 0.003 -21"><span class='ocrx_word' id='word_1_130' title='bbox 216 3841 306 3901; x_wconf 91' lang='lat' dir='ltr'><strong>XVI.</strong></span> <span class='ocrx_word' id='word_1_131' title='bbox 328 3842 445 3910; x_wconf 76' lang='lat' dir='ltr'><strong>Delie,</strong></span> <span class='ocrx_word' id='word_1_132' title='bbox 461 3843 511 3921; x_wconf 90' lang='lat' dir='ltr'><strong>qui</strong></span> <span class='ocrx_word' id='word_1_133' title='bbox 526 3844 556 3901; x_wconf 86' lang='lat' dir='ltr'><strong>iu</strong></span> <span class='ocrx_word' id='word_1_134' title='bbox 571 3843 710 3910; x_wconf 85' lang='lat' dir='ltr'><strong>ecclesiis,</strong></span> <span class='ocrx_word' id='word_1_135' title='bbox 725 3843 755 3901; x_wconf 90' lang='lat' dir='ltr'><strong>in</strong></span> <span class='ocrx_word' id='word_1_136' title='bbox 777 3844 884 3921; x_wconf 86' lang='lat' dir='ltr'><strong>quibus</strong></span> <span class='ocrx_word' id='word_1_137' title='bbox 906 3841 1035 3921; x_wconf 85' lang='lat' dir='ltr'><strong>provecti</strong></span> <span class='ocrx_word' id='word_1_138' title='bbox 1050 3853 1130 3910; x_wconf 85' lang='lat' dir='ltr'><strong>sunt,</strong></span> <span class='ocrx_word' id='word_1_139' title='bbox 1145 3842 1265 3903; x_wconf 76' lang='lat' dir='ltr'><strong>minIme</strong></span> 
     </span>
     <span class='ocr_line' id='line_1_26' title="bbox 337 3939 543 4018; baseline 0 -20"><span class='ocrx_word' id='word_1_140' title='bbox 337 3939 543 4018; x_wconf 82' lang='lat' dir='ltr'><strong>perdurarunt.</strong></span> 
     </span>
    </p>

    <p class='ocr_par' dir='ltr' id='par_1_21' title="bbox 216 4034 866 4114">
     <span class='ocr_line' id='line_1_27' title="bbox 216 4034 866 4114; baseline -0.002 -21"><span class='ocrx_word' id='word_1_141' title='bbox 216 4035 322 4095; x_wconf 90' lang='lat' dir='ltr'><strong>XVII.</strong></span> <span class='ocrx_word' id='word_1_142' title='bbox 344 4035 392 4095; x_wconf 92' lang='lat' dir='ltr'><strong>De</strong></span> <span class='ocrx_word' id='word_1_143' title='bbox 405 4035 517 4095; x_wconf 86' lang='lat' dir='ltr'><strong>clericis</strong></span> <span class='ocrx_word' id='word_1_144' title='bbox 531 4054 633 4094; x_wconf 85' lang='lat' dir='ltr'><strong>usuras</strong></span> <span class='ocrx_word' id='word_1_145' title='bbox 647 4034 866 4114; x_wconf 86' lang='lat' dir='ltr'><strong>accipientibus.</strong></span> 
     </span>
    </p>

    <p class='ocr_par' dir='ltr' id='par_1_22' title="bbox 216 4132 843 4212">
     <span class='ocr_line' id='line_1_28' title="bbox 216 4132 843 4212; baseline -0.003 -22"><span class='ocrx_word' id='word_1_146' title='bbox 216 4132 341 4193; x_wconf 91' lang='lat' dir='ltr'><strong>XVIII.</strong></span> <span class='ocrx_word' id='word_1_147' title='bbox 363 4132 411 4192; x_wconf 88' lang='lat' dir='ltr'><strong>De</strong></span> <span class='ocrx_word' id='word_1_148' title='bbox 425 4132 584 4211; x_wconf 81' lang='lat' dir='ltr'><strong>privilegiis</strong></span> <span class='ocrx_word' id='word_1_149' title='bbox 599 4133 843 4212; x_wconf 87' lang='lat' dir='ltr'><strong>presbyterorum.</strong></span> 
     </span>
    </p>

    <p class='ocr_par' dir='ltr' id='par_1_23' title="bbox 216 4226 1211 4307">
     <span class='ocr_line' id='line_1_29' title="bbox 216 4226 1211 4307; baseline -0.005 -19"><span class='ocrx_word' id='word_1_150' title='bbox 216 4229 305 4290; x_wconf 86' lang='lat' dir='ltr'><strong>XIX.</strong></span> <span class='ocrx_word' id='word_1_151' title='bbox 329 4230 375 4290; x_wconf 87' lang='lat' dir='ltr'><strong>De</strong></span> <span class='ocrx_word' id='word_1_152' title='bbox 389 4230 443 4296; x_wconf 86' lang='lat' dir='ltr'><strong>his,</strong></span> <span class='ocrx_word' id='word_1_153' title='bbox 458 4231 508 4307; x_wconf 93' lang='lat' dir='ltr'><strong>qui</strong></span> <span class='ocrx_word' id='word_1_154' title='bbox 523 4249 540 4288; x_wconf 89' lang='lat' dir='ltr'><strong>a</strong></span> <span class='ocrx_word' id='word_1_155' title='bbox 555 4229 648 4288; x_wconf 83' lang='lat' dir='ltr'><strong>Paulo</strong></span> <span class='ocrx_word' id='word_1_156' title='bbox 663 4231 850 4288; x_wconf 87' lang='lat' dir='ltr'><strong>Samosateno</strong></span> <span class='ocrx_word' id='word_1_157' title='bbox 864 4226 900 4286; x_wconf 85' lang='lat' dir='ltr'><strong>sd</strong></span> <span class='ocrx_word' id='word_1_158' title='bbox 915 4227 1062 4288; x_wconf 81' lang='lat' dir='ltr'><strong>ecclesiam</strong></span> <span class='ocrx_word' id='word_1_159' title='bbox 1078 4227 1211 4287; x_wconf 79' lang='lat' dir='ltr'><strong>venIunt.</strong></span> 
     </span>
    </p>

    <p class='ocr_par' dir='ltr' id='par_1_24' title="bbox 216 4324 633 4404">
     <span class='ocr_line' id='line_1_30' title="bbox 216 4324 633 4404; baseline 0 -20"><span class='ocrx_word' id='word_1_160' title='bbox 216 4324 288 4384; x_wconf 92' lang='lat' dir='ltr'><strong>XX.</strong></span> <span class='ocrx_word' id='word_1_161' title='bbox 310 4325 358 4385; x_wconf 90' lang='lat' dir='ltr'><strong>De</strong></span> <span class='ocrx_word' id='word_1_162' title='bbox 371 4325 516 4385; x_wconf 85' lang='lat' dir='ltr'><strong>flectendo</strong></span> <span class='ocrx_word' id='word_1_163' title='bbox 527 4345 633 4404; x_wconf 81' lang='lat' dir='ltr'><strong>genua.</strong></span> 
     </span>
    </p>
   </div>
   <div class='ocr_carea' id='block_1_7' title="bbox 710 4463 773 4526">
    <p class='ocr_par' dir='ltr' id='par_1_25' title="bbox 710 4463 773 4526">
     <span class='ocr_line' id='line_1_31' title="bbox 710 4463 773 4526; baseline -0.032 0"><span class='ocrx_word' id='word_1_164' title='bbox 710 4463 773 4526; x_wconf 80' lang='lat'><strong>313</strong></span> 
     </span>
    </p>
   </div>
   <div class='ocr_carea' id='block_1_8' title="bbox 0 0 1652 5192">
    <p class='ocr_par' dir='ltr' id='par_1_26' title="bbox 0 0 1652 5192">
     <span class='ocr_line' id='line_1_32' title="bbox 0 0 1652 5192; baseline 0 5"><span class='ocrx_word' id='word_1_165' title='bbox 0 0 1652 5192; x_wconf 95' lang='lat' dir='ltr'><strong> </strong></span> 
     </span>
    </p>
   </div>
  </div>
 </body>
</html>
