3310 5224
239 2192 492 2347 TESTES
517 2191 639 2276 hosce
663 2193 947 2277 ecclesiasticae
971 2193 1172 2274 doctrinae
1197 2221 1221 2273 a
1249 2203 1290 2272 te

340 2349 449 2448 peto,
482 2349 532 2419 ut
569 2336 743 2447 accipias
781 2336 971 2446 benigne,
1009 2337 1176 2446 quippe,
1207 2362 1292 2444 quo

240 2483 410 2591 propius
428 2483 581 2564 absunt
599 2509 624 2562 a
648 2481 885 2591 primordiis
905 2479 1223 2576 Christianismi,
1243 2506 1293 2559 eo

241 2623 372 2734 magis
409 2636 554 2706 contra
590 2622 828 2706 haereticam
867 2625 1113 2734 pravitatem
1152 2622 1295 2733 justis-

242 2768 365 2849 simas
394 2769 447 2850 ob
477 2795 618 2850 causas
652 2766 803 2850 valent.
870 2769 975 2860 Quae
1009 2796 1074 2851 res
1106 2795 1200 2850 cum
1236 2768 1295 2847 ita

243 2912 299 2992 sit
316 2923 563 3020 comparata,
577 2911 731 2994 idcirco
746 2940 798 2993 ex
817 2913 1010 3022 operibus
1025 2913 1294 3020 antiquorum

244 3067 411 3165 patrum
440 3051 602 3136 libellos
630 3054 791 3164 aliquot
820 3055 922 3138 mihi
951 3057 1084 3139 visum
1111 3068 1175 3137 est
1203 3053 1297 3136 seli-

246 3228 354 3310 gere,
382 3197 456 3309 qui
482 3198 699 3282 veritatem
727 3200 972 3283 catholicam
995 3200 1231 3283 luculenter
1254 3213 1298 3281 ct

247 3355 448 3439 accurate,
469 3353 561 3423 tum
581 3371 678 3424 vero
701 3343 803 3426 scite
823 3356 867 3425 et
889 3343 1100 3451 eleganter
1119 3344 1298 3425 tradant.

251 3489 345 3570 Hoc
363 3488 405 3567 in
427 3512 580 3595 genere
599 3485 680 3568 alia
698 3500 901 3597 praeterea
921 3486 1121 3597 opuscula
1138 3488 1300 3596 adjicio,

250 3633 447 3742 pietatem
487 3642 614 3738 atque
652 3632 852 3713 virtutem
889 3659 974 3712 non
1013 3645 1097 3713 tam
1136 3659 1302 3742 persua

251 3774 405 3871 dentia,
438 3800 565 3883 quam
596 3773 854 3883 inspirantia,
887 3788 1036 3886 utpote
1067 3803 1164 3858 cum
1198 3804 1303 3886 prae-

252 3930 372 4028 oepta
389 3917 609 3999 hominum
628 3918 678 4000 iis
698 3919 1004 4018 contineantur,
1019 3918 1133 4002 haud
1153 3947 1304 4030 magna

252 4060 528 4170 loquentium,
578 4061 662 4157 sed,
705 4062 820 4170 quod
867 4063 997 4158 aiunt,
1047 4062 1303 4158 viventium;

253 4233 434 4316 quorum
472 4203 662 4315 plerique
700 4233 776 4314 pro
814 4205 983 4289 Christo
1019 4207 1147 4289 vitam
1184 4236 1307 4318 posu-

255 4363 393 4431 erunt.
455 4347 515 4430 Et
537 4349 735 4458 quoniam
761 4349 850 4430 sine
878 4347 1070 4432 libertate
1099 4351 1168 4430 vix
1197 4349 1308 4432 salva
