3326 5200
256 473 307 537 IN
332 473 1135 544 6666666666616666166.666.
1182 471 1246 546 19'9

195 645 280 710 eirea
293 665 412 710 annum
427 645 545 711 Christi
560 669 668 708 oeocrv.
693 645 821 710 Videsis
836 653 870 709 et
881 645 1055 711 Beronium
1069 647 1111 711 ad
1126 656 1244 711 annum

196 731 247 794 vul
308 731 334 795 's
369 751 443 795 terre
480 753 520 794 ur.
558 752 617 817 pro
654 730 851 816 Hieronymo
879 738 992 796 contra
1028 731 1244 818 Augustinum

196 753 407 890 scnfftem
435 824 470 880 et
495 815 645 882 Natalem
669 817 898 896 Alexandrum,
925 817 979 902 qui
1005 817 1181 883 Baronium
1206 840 1245 883 ea

196 903 229 966 in
254 924 288 967 re
311 901 464 966 refutavit
485 901 605 967 Disser.
628 903 675 966 X.
698 904 740 968 ad
761 903 900 968 seculum
923 903 1073 968 Ecclesiae
1095 904 1242 989 primum.

197 989 397 1052 Tuormsrrnr
412 995 522 1052 textus
537 989 650 1053 editor.
667 989 704 1052 cl.
722 988 865 1053 Vezzosi.

240 1073 279 1137 P.
297 1094 368 1154 14¹·
383 1073 404 1138 l.
419 1095 450 1154 4.
466 1073 644 1138 doctrinam
664 1075 872 1160 superiorem]
891 1076 994 1157 Quam
1015 1074 1245 1161 praedicaverat

197 1158 324 1237 Petnrs‚
341 1165 378 1224 ut
393 1166 521 1225 constat
536 1182 576 1224 ex
587 1161 655 1245 jam
670 1182 767 1246 supra
782 1161 884 1225 dictis.

241 1245 322 1310 Ibid.
333 1244 355 1307 1.
366 1267 397 1330 9.
412 1245 446 1308 in
460 1267 531 1330 quse
546 1253 580 1311 et
594 1247 604 1309 i
627 1245 957 1331 si—committebant]
968 1245 1120 1312 Similiter
1133 1247 1244 1311 scribit

198 1331 369 1416 Septimius
383 1354 453 1416 cap.
468 1352 500 1411 4.
522 1335 593 1418 Apo
640 1333 719 1410 eici,
736 1334 779 1396 In
799 1353 904 1396 cemus
922 1333 1118 1396 committitur
1131 1334 1246 1398 661666

196 1417 436 1502 irreligiositatis
449 1439 560 1483 errore.
605 1419 688 1482 Dein
702 1441 771 1504 cap.
789 1437 840 1503 29.
864 1418 938 1482 Ideo
952 1439 1020 1502 erpo
1034 1420 1246 1484 ommittimus

196 1503 232 1567 iu
245 1503 428 1587 najestatem
443 1504 667 1590 inperatorem.

242 1588 324 1653 Ibid.
340 1589 361 1652 1.
380 1607 430 1654 20.
447 1591 553 1655 nescio
568 1591 645 1675 quid
666 1589 919 1740 illudmeespicit
933 1591 1069 1655 fortasse
1085 1590 1124 1671 Q.
1141 1590 1245 1675 Septi·

197 1675 279 1738 mius
303 1675 346 1738 ad
370 1674 462 1739 Pauli
488 1675 713 1762 Apocalypsim
794 1685 964 1740 retreorum
986 1675 1181 1762 figmentum,
1205 1677 1245 1740 de

197 1783 261 1910 pue
276 1761 359 1825 inter
374 1770 496 1826 ceteros
511 1762 609 1827 videri
631 1762 751 1848 poterit
766 1762 967 1848 Augustinus
981 1767 1125 1827 tractatu
1142 1763 1196 1845 98.
1212 1763 1245 1825 in

223 1869 397 1998 0111111116
412 1846 663 2018 idriindixiidridi·
685 1932 798 2017 Capite
825 1950 875 1998 22.
921 1933 1002 1997 Post
1027 1932 1106 1998 alios
1132 1933 1245 1997 reduxi

198 2025 258 2083 vet.
273 1951 605 2098 166666166666616,
621 2041 679 2105 pro
693 2040 752 2082 666
766 2028 866 2082 tumen
879 2020 991 2084 omnic.
1037 2019 1244 2104 Inferiusque,

198 2103 225 2170 si
261 2104 315 2167 uid
330 2105 363 2168 id
377 2104 484 2178 refert,
500 2107 672 2188 testificatus
686 2114 727 2170 ut
741 2126 799 2189 pro
813 2114 935 2169 testatus
948 2115 998 2168 cst.

240 2127 360 2254 1661.
377 2209 429 2275 32.
458 2191 541 2272 Quid
567 2191 628 2256 boc
654 2191 832 2277 depositum
857 2199 907 2256 est
930 2197 998 2255 tam
1023 2190 1180 2270 idoneum,
1208 2199 1245 2255 ut

201 2277 273 2364 866]
299 2275 362 2340 Sic.
389 2277 460 2340 edd.
487 2277 631 2342 Rhenani
653 2284 687 2342 et
710 2275 813 2341 Paris.
839 2277 951 2362 prima.
997 2277 1160 2341 Praestent
1182 2286 1245 2340 1666

199 2363 325 2426 matum
347 2384 405 2448 pro
430 2372 494 2426 tum
518 2363 669 2440 idoneum
695 2363 766 2426 edd.
799 2362 901 2428 Paris.
928 2363 1022 2428 cuda.
1048 2369 1082 2427 et
1106 2361 1245 2427 Franek.

200 2447 314 2512 Posuit
338 2450 465 2512 66611666
491 2449 558 2513 6166
586 2459 650 2513 tam
675 2457 733 2513 aut
763 2448 903 2512 seneen
929 2447 1097 2534 Rigaltius.
1163 2448 1245 2511 Mihi

199 2532 228 2597 16
250 2535 367 2598 endum
388 2535 522 2612 videtur,
552 2535 636 2614 Quid
664 2535 716 2600 doc
747 2535 914 2620 depositum
945 2545 987 2599 cst
1016 2543 1080 2598 tam
1111 2533 1245 2599 tacitum

206 2621 213 2634 '
341 2669 349 2698 ‚
380 2631 414 2686 ut
445 2623 502 2685 lte.
570 2622 649 2685 Mox
673 2621 729 2698 ait,
756 2621 898 2706 quomodo
922 2621 1004 2684 nihil
1030 2619 1165 2685 tacitum
1181 2621 1243 2704 fe-

200 2707 267 2784 erit,
283 2713 317 2770 et
332 2728 400 2792 cap.
418 2711 469 2772 66.
483 2709 549 2772 siae
570 2707 636 2771 6116
656 2707 874 2792 &spiculisne
893 2706 1025 2790 aliczp'us
1039 2706 1130 2771 taciti
1144 2727 1247 2770 66666-

200 2794 301 2857 mesti.

244 2877 283 2942 P.
301 2896 373 2956 142.
387 2878 407 2942 l.
428 2899 476 2958 14.
499 2901 557 2944 nec
580 2879 655 2964 quia
680 2879 767 2944 illum
790 2879 911 2962 monet]
940 2877 993 2942 Sic
1018 2877 1066 2942 ed.
1090 2877 1245 2963 princeps.

201 2964 260 3028 Ait
276 2964 444 3041 Famuline,
462 2971 481 3000 ‘⁶
495 2963 581 3050 Lego
602 2974 707 3041 cunct,
729 2986 802 3028 nem
862 2963 990 3039 Paulus,
1013 2984 1072 3047 pro
1097 2985 1136 3027 66
1161 2963 1247 3046 quod

201 3050 329 3136 “vulgo
350 3049 517 3136 legebatur
538 3051 639 3115 colunt
655 3051 723 3132 (sic.
739 3050 788 3114 ed.
802 2986 908 3112 i’earis.
927 3069 933 3110 ι
941 3050 1015 3132 566.
1030 3055 1064 3111 et
1079 3069 1180 3133 marg.
1196 3047 1246 3111 ed.

202 3143 221 3172 “
238 3135 340 3200 Paris.
355 3137 464 3221 1545.)
481 3143 549 3200 tam
564 3159 604 3200 ex
621 3136 692 3201 MS.
707 3135 777 3200 cod.
794 3134 962 3210 Vaticano,
980 3154 1075 3217 quarn
1095 3132 1248 3213 Quintius

202 3229 222 3259 “
238 3221 308 3307 (qui
333 3222 416 3285 hunc
441 3222 557 3286 librum
587 3222 636 3286 De
661 3223 794 3286 Praescr.
825 3219 925 3284 edidit
952 3219 1055 3282 Paris.
1080 3219 1188 3301 1561.)
1214 3227 1247 3282 et

203 3315 222 3344 “
239 3309 387 3372 Macareo
404 3307 541 3392 (Gallico
556 3307 650 3393 hujus
665 3307 736 3370 libri
751 3306 925 3390 interprete
940 3304 1009 3368 sod.
1020 3325 1070 3367 an.
1083 3311 1118 3368 et
1131 3303 1247 3384 loco).”

202 3393 283 3459 Haec
307 3393 475 3458 Pamelius.
521 3393 607 3457 Hinc
629 3394 675 3470 fit,
692 3398 728 3457 ut
743 3399 833 3458 extet
847 3392 978 3454 verbum
999 3389 1147 3453 66666116
1169 3389 1246 3453 edit.

203 3479 341 3544 Frenek.
357 3501 427 3563 quae
450 3501 489 3544 ex
512 3479 651 3544 editione
667 3478 799 3543 Pamelii
817 3476 955 3562 repetita
970 3483 1029 3541 est.
1076 3473 1124 3539 lbi
1139 3483 1249 3538 tamen

201 3566 303 3630 6616661
317 3566 446 3651 praeiert
460 3564 586 3642 danius,
603 3571 640 3630 ut
657 3587 697 3630 ex
719 3588 739 3629 0
761 3563 847 3629 timis
870 3584 993 3711 ‹puoque
1015 3560 1249 3645 exemplaribus

201 3652 389 3752 prefectum.
432 3587 970 3751 1161166666666611111111666166.
1015 3646 1079 3712 Sed
1101 3646 1249 3710 editionis

202 3737 534 3908 pnfliiiili.lihilhlphldl
547 3759 787 3909 crdbhcwibvritiam]
802 3821 847 3884 H.
862 3843 889 3884 e.
902 3820 1064 3906 dogmata.
1077 3839 1149 3903 quse
1164 3816 1249 3903 apud

202 3931 237 3973 se
252 3908 335 3973 66166
350 3908 523 3974 habebant.

247 3993 329 4059 Ibid.
344 3995 364 4059 l.
383 3996 434 4061 26.
448 3995 540 4059 taciti
560 3992 767 4079 sacramenti]
784 3993 846 4058 Sic.
862 3991 955 4057 editt.
972 3997 1048 4056 ante
1064 3988 1249 4075 Rigaltium‚

203 4079 256 4164 qui
271 4081 341 4144 tecti
355 4080 531 4145 substituit.
575 4081 657 4145 Cum
671 4102 746 4145 vero
768 4079 854 4144 istud
872 4077 941 4162 jam
962 4097 1059 4161 supra
1073 4073 1251 4160 scripsisset

202 4175 323 4244 auctor,
338 4166 460 4251 quaudo
481 4165 563 4230 citit
581 4167 708 4230 16616666
723 4165 838 4250 fuerit,
853 4163 934 4248 quod
948 4161 1001 4226 666
1016 4159 1253 4224 mulctentur

196 4251 420 4337 merebatur,
434 4273 542 4316 vocem
557 4253 762 4317 revocabam:
787 4249 820 4314 id
836 4248 921 4333 quod
936 4269 1019 4312 nunc
1033 4246 1125 4310 video
1140 4245 1252 4311 secisse

202 4338 395 4403 cardinalem
410 4337 624 4402 Thomasium.

246 4423 284 4488 P.
305 4443 376 4509 143.
395 4423 417 4487 l.
434 4443 483 4503 14.
506 4445 602 4508 quam
628 4422 782 4489 catholice
807 4421 842 4485 in
867 4419 1005 4486 medium
1031 4416 1250 4503 proferebant]
1324 4435 1332 4452 ⁶
