3316 5198
412 473 476 536 DE
501 473 900 540 PRAESCRIPTIONE
924 473 1051 538 ΗΕΒ.
1191 475 1255 540 186

209 646 339 718 habere
361 648 506 739 possint,
524 649 647 741 dispici
673 649 790 732 debet,
812 651 870 720 cui
887 657 1068 742 competat
1084 650 1256 741 possessio

209 763 481 855 scripturarum:
516 787 562 834 nc
587 765 617 835 is
643 766 854 836 admittatur
878 767 922 836 ad
948 789 1038 848 eam,
1068 766 1126 837 cui
1156 765 1255 836 nullo

208 879 314 948 modo
331 881 513 973 competit.

259 993 342 1064 Hoc
367 995 412 1064 de
438 995 583 1066 consilio
609 993 820 1080 diffidentiae,
844 1007 907 1068 aut
934 998 979 1069 de
1005 997 1123 1068 studio
1152 997 1256 1070 aliter
1295 999 1379 1114 Ἡ·

182 1110 371 1182 sineundae
400 1111 662 1182 constitutionis
684 1112 895 1196 induxerim,
916 1115 983 1184 nisi
1009 1114 1099 1183 ratio
1125 1115 1255 1184 consti·
1369 1099 1376 1113 ⁸

209 1228 304 1310 terit,
329 1227 366 1296 in
399 1228 521 1320 primis
547 1226 618 1310 illa,
648 1227 743 1319 quod
777 1227 864 1298 fides
897 1237 1017 1300 nostra
1045 1229 1253 1321 obsequium
1264 1234 1355 1350 ¹15¹ss
1367 1235 1399 1284 vs.

210 1340 369 1434 apostolo
404 1342 532 1413 debeat
561 1341 761 1435 prohibenti
791 1345 1001 1434 quaestiones
1029 1345 1128 1427 inire,
1155 1347 1255 1417 novis
1308 1335 1316 1349 ⁶
1355 1335 1362 1350 ⁹

210 1457 355 1528 vocibus
381 1481 484 1528 aures
510 1459 786 1540 accommodare,
811 1457 1016 1530 haereticum
1041 1468 1122 1551 post
1148 1483 1256 1530 unam

210 1574 467 1666 correptionem
509 1575 706 1657 convenire,
742 1595 815 1644 non
855 1584 936 1667 post
970 1575 1255 1668 disputationem.

166 1713 202 1752 ιο
210 1688 315 1760 Adeo
340 1692 525 1762 interdixit
548 1691 833 1784 disputationem,
859 1692 1116 1783 correptionem
1142 1691 1257 1784 desig·

210 1827 298 1875 nans
322 1829 464 1878 causam
486 1806 643 1877 haerctici
665 1804 917 1888 conveniendi;
943 1814 981 1877 et
999 1803 1090 1901 (sor.
1109 1813 1170 1900 ex)
1187 1805 1255 1876 hoc

210 1943 328 2004 unam,
354 1921 499 2004 scilicet,
529 1922 710 2013 quianon
736 1928 791 1990 est
817 1919 1059 1992 Christianus:
1084 1943 1131 1991 ne
1155 1944 1254 2014 more

210 2035 411 2120 Christiani,
429 2035 539 2108 semel
556 2045 594 2107 et
611 2037 751 2118 iterum,
769 2035 889 2106 et-sub
907 2036 1044 2107 duobus
1061 2044 1124 2106 aut
1140 2036 1253 2108 tribus
1261 2051 1335 2104 maa
1342 2053 1410 2103 nsi.

210 2152 361 2222 testibus
378 2150 602 2246 castigandus
619 2151 814 2222 videretur:
841 2173 923 2221 cum
941 2151 987 2221 ob
1003 2150 1072 2221 hoc
1089 2151 1136 2222 sit
1152 2151 1256 2222 casti·

166 2285 200 2347 15
210 2270 355 2361 gandus
373 2267 627 2361 propterquod
644 2266 779 2337 nonsit
796 2289 879 2336 cum
903 2265 966 2336 illo
984 2267 1255 2359 disputandum:

212 2384 339 2454 deindo
361 2385 527 2476 quoniam
552 2383 641 2452 nihil
667 2383 827 2475 proficiat
847 2384 1047 2477 congressio
1070 2384 1258 2475 scriptura·

211 2521 301 2582 rum,
326 2501 392 2571 nisi
418 2499 522 2593 plane
547 2507 590 2568 ut
614 2508 678 2569 aut
701 2499 873 2570 stomachi
903 2498 975 2591 qud
1003 2500 1100 2569 ineat
1130 2500 1259 2570 eversi-

211 2638 326 2698 onem,
343 2624 407 2686 aut
423 2615 568 2686 cerebri.

262 2732 338 2802 Ista
365 2733 506 2803 haeresis
531 2753 604 2801 non
631 2732 759 2824 recipit
785 2731 955 2824 quasdam
984 2732 1194 2824 scripturas:
1221 2741 1259 2802 et
1299 2739 1385 2853 ffi-

168 2870 204 2910 20
212 2847 242 2917 si
269 2871 355 2939 quas
381 2849 517 2940 recipit,
546 2869 617 2917 non
648 2847 774 2940 recipit
802 2848 977 2941 integras:
1003 2847 1259 2939 adjectionibus
1382 2837 1388 2852 ⁸

213 2969 251 3030 et
268 2963 544 3033 detractionibus
560 2963 604 3032 ad
623 2962 888 3056 dispositionem
908 2963 1064 3032 instituti
1081 2964 1134 3034 sui
1151 2965 1260 3035 inter-

214 3077 344 3146 vertit:
386 3086 425 3147 et
454 3078 484 3147 si
510 3076 731 3168 aliquatenus
758 3080 914 3172 integras
946 3087 1098 3171 praestat,
1133 3079 1261 3151 nihilo-

212 3192 331 3261 minus
361 3193 513 3262 diversas
543 3193 780 3284 expositiones
808 3202 1049 3265 commentata
1074 3175 1259 3266 convertit.

213 3305 367 3378 Tantum
393 3308 535 3378 veritati
564 3308 737 3401 obstrepit
763 3308 903 3380 adulter
930 3331 1061 3391 sensus,
1087 3319 1260 3402 quantum

166 3433 200 3494 ²5
213 3429 251 3492 et
280 3432 464 3516 corruptor
492 3421 614 3516 stylus
666 3423 784 3495 Variae
813 3423 905 3520 (sor.
931 3446 1042 3495 vanae.
1075 3423 1259 3519 Caeteros)

211 3540 501 3632 praesumptiones
529 3541 726 3610 necessario
751 3539 878 3610 nolunt
903 3562 1092 3634 agnoscere
1123 3563 1174 3624 ea,
1198 3565 1262 3634 per

212 3677 289 3745 quoe
311 3655 550 3726 revincuntur,
602 3654 671 3726 His
693 3657 857 3727 nituntur
881 3677 958 3747 quae
984 3679 1030 3724 ex
1051 3654 1140 3726 falso
1165 3678 1261 3726 com-

211 3779 414 3861 posuerunt,
431 3777 470 3841 et
496 3793 577 3862 quae
603 3772 648 3841 de
674 3771 907 3864 ambiguitate
932 3779 1112 3863 ceperunt.
1164 3769 1260 3855 Quid

213 3885 437 3976 promovebis
476 3887 769 3957 exercitatissime
811 3889 1071 3980 scripturarum,
1106 3908 1188 3956 cum
1231 3884 1260 3956 si

164 4001 299 4093 3oquid
324 4002 531 4085 defenderis,
546 4003 723 4097 negetur?
750 4026 797 4073 ex
822 4003 968 4085 diverso,
990 4005 1019 4073 si
1044 4001 1129 4095 quid
1155 4023 1261 4095 nega·

214 4117 315 4200 veris,
346 4117 579 4188 defendatur?
606 4117 655 4188 Et
680 4127 722 4188 tu
751 4118 894 4211 quidem
924 4118 1012 4188 nihil
1037 4117 1173 4210 perdes,
1193 4116 1260 4188 nisi

213 4255 337 4304 rocem
362 4234 400 4303 in
425 4235 673 4305 contentione:
699 4233 788 4305 nihil
814 4234 1047 4325 consequeris,
1064 4235 1131 4304 nisi
1151 4233 1261 4304 bilem

215 4347 259 4418 de
275 4347 589 4441 blasphematione.
