3294 5192
362 485 428 550 Μ
700 479 1082 548 ANNOTATIONES

360 675 437 720 uum
456 653 665 731 oolleotioues,
681 659 715 718 et
732 653 857 718 oodioss
876 653 986 738 seripti
1006 651 1181 731 Bodleiani,
1197 659 1411 740 praeterquam

361 741 448 826 quod
462 761 520 804 neo
535 743 604 817 τῶν,
619 761 677 804 noo
692 741 812 817 τούτων,
827 739 927 804 habet
940 739 1042 804 oodex
1059 741 1109 803 26.

405 827 444 891 P.
461 841 537 911 395.
559 825 579 889 l.
595 845 627 908 9.
653 825 801 910 ἐξετάσει]
827 824 893 888 vul
960 825 1051 905 τάξει,
1077 824 1134 889 sed
1160 823 1303 902 ἐξετάσει,
1327 827 1413 910 quod

360 912 472 978 melius
492 917 551 989 est,
567 911 610 975 ad
629 931 720 976 oram
741 910 867 976 Oedieis
924 910 985 975 niv.
1006 907 1157 974 Eeolesioe
1175 929 1198 974 a
1216 909 1355 975 Justello
1375 918 1413 976 ut

360 998 456 1063 leotio
466 997 593 1062 varians
607 995 749 1061 affertur.
771 997 883 1082 Atque
897 996 982 1061 idem
995 995 1073 1060 illud
1089 995 1247 1060 Labboeus
1261 996 1359 1062 habet
1370 998 1413 1062 ad

361 1105 462 1169 marg.
486 1082 717 1158 Oouoiliorum3
742 1089 876 1148 extante
894 1104 933 1147 eo
954 1082 1040 1168 apud
1060 1081 1084 1145 J
1085 1103 1221 1146 oannem
1239 1081 1413 1147 Antioche

361 1190 439 1233 num
452 1168 485 1232 iu
500 1168 635 1254 Digesto
649 1167 824 1247 canonum,
839 1189 1011 1254 omnesque
1027 1167 1143 1233 MStos
1162 1167 1363 1248 Bodleianos,
1378 1175 1413 1233 et

362 1255 434 1320 MS.
455 1276 476 1319 a
497 1253 630 1340 Lloydio
650 1254 796 1339 episeopo
817 1255 977 1319 eollatum.
1023 1253 1124 1319 Paulo
1144 1260 1220 1318 ante
1237 1257 1336 1322 αὐτοῖς
1354 1277 1413 1340 pro

361 1341 461 1408 αὐτοῖς
475 1339 675 1404 seribendum
689 1340 825 1404 videtur.
862 1340 1000 1405 Omnino
1014 1339 1097 1418 silet,
1112 1347 1150 1404 ut
1165 1339 1269 1404 obiter
1283 1339 1343 1403 hoo
1357 1361 1413 1403 no-

360 1433 439 1504 tem,
462 1425 615 1491 OPtauus
640 1425 691 1490 hio
712 1447 815 1490 oanon
836 1427 877 1490 de
898 1426 970 1491 ullis
991 1426 1205 1512 eujusounquo
1225 1426 1350 1511 generis
1370 1426 1414 1490 ad
1451 1505 1455 1510 Ι

361 1512 470 1577 sedem
484 1511 662 1576 Romanam
676 1511 952 1597 appellationibus.

406 1597 490 1662 Ibid.
510 1597 533 1661 l.
553 1617 601 1684 13.
624 1595 861 1677 ἢοίκουρενιιὴν
875 1599 1004 1662 σάνοδον
1017 1597 1195 1680 ταράσσειν]
1215 1597 1327 1662 (taum
1349 1596 1413 1682 ple·

361 1703 468 1769 resque
482 1682 702 1748 eeolesiastiosa
717 1684 860 1769 exeeptis
879 1684 920 1748 de
939 1684 1002 1748 fide
1022 1682 1246 1748 ooutroversiis
1260 1683 1312 1747 hio
1327 1703 1413 1768 speo

361 1776 482 1838 tantur.

759 1885 914 1953 OANON
935 1883 1016 1950 VII.

407 2021 491 2086 Ibid.
513 2019 536 2086 l.
553 2038 606 2086 νο.
634 2018 714 2088 Teis
734 2019 985 2100 προστιθεμένους
1006 2023 1041 2099 τῇ
1063 2016 1220 2104 ὀρθοδοξίο
1240 2019 1315 2106 διο]
1339 2019 1413 2099 Ηὶο,

362 2107 475 2186 fateor,
491 2127 594 2172 oauou
607 2105 641 2170 iu
656 2105 801 2170 omuibus
815 2104 1015 2170 Bmsamouis
1026 2111 1060 2169 ot
1071 2105 1207 2170 Zouarae
1222 2113 1415 2170 commenta-

362 2195 482 2258 riorum
496 2191 688 2258 editionibus
702 2191 851 2256 habetur.
874 2191 1004 2256 (litatur
1017 2190 1116 2255 etiam
1130 2212 1151 2254 a
1170 2190 1288 2256 Photio
1302 2191 1334 2254 in
1350 2191 1414 2256 No-

362 2300 537 2344 moeauone
556 2278 607 2343 tit.
623 2278 679 2342 xii.
697 2299 768 2363 oap.
783 2297 832 2359 14.
852 2297 975 2340 neonon
994 2276 1028 2340 in
1048 2275 1155 2340 Alexii
1175 2277 1317 2341 Aristoni
1339 2277 1415 2364 Epi-

362 2371 450 2430 tome
464 2370 649 2429 eontraotus
663 2370 764 2429 extat.
809 2363 873 2428 Sed
895 2362 927 2426 in
947 2361 1093 2426 omnibus
1114 2361 1238 2426 Latinis
1258 2383 1414 2427 oanouum

363 2448 569 2527 versionibus,
587 2449 621 2511 iu
639 2449 756 2513 veteris
774 2448 959 2533 interpretis
980 2447 1124 2532 Dionysii
1148 2447 1274 2534 Exigui,
1298 2449 1415 2514 Isidori

365 2533 558 2598 Mercatoris
574 2535 629 2597 tro.
654 2534 732 2597 item
754 2533 786 2596 in
809 2533 975 2619 Symeouis
997 2533 1187 2619 Logothetae
1209 2534 1358 2619 Epitome
1379 2541 1415 2599 et

364 2619 507 2684 Arabioo
517 2618 541 2682 J
542 2617 651 2703 osephi
662 2619 812 2718 AEgyptii
827 2619 1026 2719 paraphrasi,
1041 2625 1075 2683 et
1090 2619 1176 2703 quod
1190 2619 1223 2682 in
1237 2619 1347 2704 primis
1358 2621 1414 2684 oo

364 2705 553 2770 servandum
575 2710 635 2781 ost,
655 2703 688 2768 in
709 2725 780 2789 rpsa
801 2703 825 2767 J
826 2727 938 2769 oanms
955 2703 1150 2769 Antiocheni
1172 2705 1364 2784 oolloetiono
1380 2713 1415 2771 et

364 2811 590 2866 nomooauoue‚
606 2789 824 2864 desideratur-3
848 2790 944 2875 idque
965 2813 1030 2854 non
1051 2790 1150 2875 ipsius
1168 2791 1297 2868 inauris,
1318 2799 1356 2855 ut
1373 2815 1416 2856 ex

365 2899 404 2941 oo
417 2883 518 2962 patet,
535 2875 621 2962 quod
636 2876 668 2940 iu
683 2876 794 2940 ordine
809 2897 966 2941 eauouum
980 2898 1001 2941 a
1015 2897 1049 2940 ss
1064 2877 1223 2961 deseripto
1238 2899 1295 2940 sex
1313 2877 1416 2941 solum

365 2985 502 3028 oenones
516 2963 589 3026 huio
603 2962 749 3027 seoundoe
763 2962 902 3048 generali
916 2962 1037 3047 syuodo
1047 2962 1215 3041 attribuat,
1227 2962 1344 3040 dioens,
1356 2969 1416 3027 τῶν

366 3051 400 3112 ἐν
412 3050 729 3114 Κωνστοντινονπόλει
740 3046 949 3112 συνελθόντων
959 3046 1105 3129 ποτέρων,
1116 3046 1167 3130 ὑφ’
1179 3045 1223 3112 ὦν
1234 3047 1415 3128 ἑξετέθησον

366 3133 490 3202 κανόνες
504 3132 541 3206 ς’.
558 3140 596 3198 ut
610 3141 703 3198 extra
718 3133 849 3198 dubium
864 3134 906 3198 sit
920 3140 1111 3219 pmsentem
1131 3133 1216 3197 inter
1232 3133 1327 3217 hujus
1342 3155 1415 3198 oon·

366 3220 429 3283 oilii
444 3241 579 3284 oenones
598 3219 649 3282 his
668 3219 780 3283 diebus
798 3239 863 3283 non
877 3220 1067 3284 recensitum
1082 3218 1186 3283 fuisse.
1232 3219 1415 3299 Quinetiam

366 3311 439 3370 tota
457 3304 587 3370 oanouis
605 3304 700 3388 hujus
719 3305 905 3390 compositio
927 3325 1008 3383 eum,
1029 3327 1086 3368 neo
1108 3305 1257 3389 praeseuti
1280 3327 1338 3369 neo
1359 3305 1414 3370 alii

366 3390 464 3455 ouivis
481 3391 610 3476 synodo,
627 3390 687 3454 nisi
705 3389 840 3454 forsitan
855 3389 1024 3466 Trullanae,
1040 3391 1080 3454 de
1097 3411 1161 3474 qua
1179 3411 1254 3453 mox
1272 3411 1413 3476 agemus,

365 3477 608 3542 aumbendum
629 3497 698 3539 osso
718 3497 782 3540 uon
801 3476 933 3540 obseura
952 3475 1081 3540 indicat.
1128 3475 1215 3539 Nihil
1229 3475 1313 3540 enim
1328 3476 1361 3539 in
1375 3497 1415 3540 eo

365 3561 580 3640 constituitur,
591 3560 668 3624 nihil
679 3561 899 3636 oonfirmatur;
917 3562 973 3626 sed
983 3567 1112 3626 tautum
1123 3561 1257 3645 antiqua
1268 3563 1415 3646 quaedam

364 3647 532 3713 haeretioos
545 3669 711 3712 eonversos
725 3647 896 3733 reeipiendi
907 3648 1102 3712 cousuetudo
1116 3647 1167 3711 hio
1181 3647 1345 3713 recitatur.
1368 3647 1415 3712 Et

365 3734 419 3798 ubi
439 3734 479 3798 de
499 3733 656 3797 nonnullis
675 3733 838 3819 signandis
856 3733 954 3798 verba
972 3733 1063 3810 fiunt,
1080 3732 1158 3796 nihil
1174 3734 1360 3818 praeoipitur
1373 3734 1414 3798 de

364 3821 469 3898 modo,
485 3841 548 3903 quo
563 3819 785 3884 celebrandum
799 3826 859 3896 est,
874 3841 932 3884 neo
947 3819 987 3883 de
1001 3818 1105 3883 verbis
1122 3817 1154 3881 iu
1173 3818 1238 3884 ritu
1258 3819 1321 3883 isto
1342 3839 1414 3904 pro-

363 3905 560 3980 nunoinudis,
571 3905 626 3970 sed
637 3912 765 3970 tontum
777 3925 847 3990 quae
858 3905 956 3969 verba
970 3903 1171 3990 pronunoiari
1187 3905 1299 3981 solent,
1312 3911 1414 3986 Σφρα-

364 3993 412 4073 γὶι
432 3996 542 4073 δωρεᾶς
562 3992 736 4070 Πνεύμοτος
757 3992 854 4073 ἁγίου,
870 4013 941 4090 quae
963 3991 1091 4075 quidem
1109 3989 1120 4053 l
1164 3991 1259 4054 uendi
1278 3989 1416 4055 formula

364 4077 507 4162 synodali
523 4077 652 4142 cuilibet
663 4076 884 4142 constitutioni
899 4099 963 4140 non
978 4075 1133 4141 eonvenit.
1186 4097 1313 4140 avunso.
1338 4077 1415 4140 Per-

362 4163 411 4248 git
431 4163 479 4228 vir
498 4161 731 4227 eruditissimus
755 4162 947 4228 sententium
969 4183 1059 4227 suam
1082 4183 1120 4226 eo
1142 4161 1257 4226 fortius
1279 4161 1413 4240 munire,

363 4249 448 4332 quod
463 4248 573 4314 existit
588 4270 605 4312 e
628 4247 723 4314 istola
734 4249 892 4349 quadem,
905 4270 944 4312 ex
956 4247 1059 4313 verbis
1070 4247 1165 4332 hujus
1173 4248 1303 4312 oanouis
1315 4246 1414 4311 omni-

363 4355 404 4397 no
419 4341 578 4413 constans,
637 4334 866 4418 nstantmopoli
880 4333 922 4398 ad
940 4334 1134 4419 Martyrium
1149 4333 1330 4434 episcopum
1347 4333 1415 4396 Au-

362 4418 545 4483 tioohenum
555 4425 629 4502 post
640 4440 759 4484 aunum
769 4435 832 4504 455
845 4419 951 4485 missa.
980 4419 1031 4484 Ex
1046 4420 1107 4486 hae
1121 4441 1196 4484 vero
1210 4419 1347 4506 epistola
1360 4419 1414 4484 do
