3326 5200
366 413 430 482 168
671 413 919 477 ADVERSUS
943 414 1104 477 OMNES

366 592 403 659 in
437 590 497 671 eis,
532 587 578 657 ob
613 609 718 680 quam
754 612 894 659 causam
929 591 1047 659 omnia
1081 589 1219 660 infirma
1254 611 1339 670 esse,
1375 595 1413 658 et

311 693 312 696 ¹
366 705 512 800 fragilia,
530 711 567 774 et
585 705 726 787 caduca,
745 715 782 776 et
804 705 976 787 mortalia,
1000 728 1236 798 quaecumque
1261 714 1345 775 sunt
1367 703 1412 775 ab

366 825 442 916 ipso
472 822 589 893 facta:
615 822 948 914 quoniamquidem
979 824 1052 914 ipse
1077 821 1185 892 fuerit
1210 821 1254 890 de
1280 822 1414 914 aporia·

367 940 465 1010 tione
489 946 682 1030 conceptus
707 945 814 1029 atque
842 937 1018 1030 prolatus:
1044 938 1139 1008 hunc
1163 948 1285 1009 tamen
1314 939 1416 1009 insti-

367 1055 477 1126 tuisse
503 1056 613 1124 istum
641 1054 814 1125 mundum
842 1077 888 1124 ex
913 1055 969 1124 his
993 1057 1160 1137 materiis,
1186 1077 1273 1147 quas
1295 1055 1441 1133 Ache-5
1606 1051 1607 1130 l

368 1171 479 1254 moth,
501 1170 559 1241 vel
584 1171 756 1263 pavendo,
780 1169 836 1240 vel
864 1171 1033 1252 timendo,
1062 1170 1119 1241 vel
1145 1172 1414 1254 constristaud0‚

369 1286 426 1357 vel
453 1285 612 1358 sudando
639 1286 858 1377 prestiterat.
919 1284 1016 1356 Nam
1044 1309 1090 1356 cx
1120 1309 1259 1378 pavore,
1290 1289 1415 1379 inquit,

240 1409 244 1418 '
368 1403 527 1473 tenebrae
538 1402 756 1474 factasunt:
784 1424 829 1472 ex
847 1403 975 1471 timore
993 1410 1030 1471 et
1047 1403 1255 1496 ignorantia,
1273 1404 1416 1496 spiritus

369 1520 535 1611 nequitiae
561 1527 599 1590 et
626 1515 882 1611 malignitatis:
921 1540 967 1588 ex
997 1518 1142 1588 tristitia
1176 1526 1215 1588 et
1244 1517 1415 1612 lacrymis,

369 1636 516 1708 humida
541 1636 694 1705 fontium
720 1632 906 1704 fluminum
934 1631 1026 1729 (sor.
1049 1643 1087 1706 ct
1112 1633 1315 1731 fluminum)
1343 1659 1417 1707 ma
1431 1655 1468 1694 10

242 1836 250 1850 ,
369 1753 468 1838 teria,
496 1752 682 1842 marisque.
734 1748 915 1820 Christum
945 1758 1067 1822 autem
1094 1753 1239 1823 missum
1274 1753 1320 1823 ab
1354 1751 1417 1823 illo

369 1875 568 1961 propatore,
593 1866 654 1958 qui
688 1872 743 1934 est
770 1864 917 1958 Bythos.
970 1866 1078 1938 Hunc
1112 1877 1233 1939 autem
1268 1869 1304 1938 in
1334 1870 1418 1940 sub-

371 1985 502 2056 stantia
517 1981 671 2074 corporis
689 1982 799 2051 nostri
816 2003 888 2051 non
909 1983 1027 2067 titisse,
1045 1986 1107 2055 sed
1125 1985 1281 2078 spiritale
1298 1987 1416 2058 nescio

372 2099 467 2190 quod
509 2121 635 2191 corpus
679 2096 723 2168 de
761 2097 850 2168 coelo
894 2099 1123 2183 deferentem,
1154 2102 1252 2192 quasi
1288 2123 1417 2193 aquam

373 2238 437 2307 per
460 2214 615 2285 fistulam
641 2214 691 2284 sic
715 2236 779 2306 per
805 2213 958 2286 Mariam
985 2217 1157 2308 virginem
1174 2223 1416 2300 transmeasse,
1432 2233 1465 2294 ¹5

374 2329 470 2400 nihil·
487 2331 571 2400 inde
588 2328 644 2399 vel
666 2330 908 2421 accipientem,
927 2331 983 2401 vel
1000 2339 1235 2402 mutuantem.
1287 2333 1419 2404 Resur-

374 2447 567 2516 rectionem
596 2444 702 2536 hujus
728 2446 841 2515 carnis
868 2453 985 2540 negat,
1012 2447 1075 2518 sed
1104 2447 1257 2518 alterius.
1311 2447 1418 2544 Legis

372 2571 410 2634 et
426 2559 677 2654 prophetamm
693 2561 857 2652 quaedam
882 2562 1018 2654 probat,
1036 2565 1199 2656 quaedam
1220 2563 1416 2657 improbat:

372 2678 408 2748 id
443 2685 506 2760 est,
541 2677 661 2747 omnia
693 2677 879 2770 improbat,
914 2680 1000 2751 dum
1035 2680 1199 2773 quaedam
1242 2680 1416 2772 reprobat.

373 2793 606 2888 Evangelium
632 2793 740 2864 etism
766 2792 875 2865 habet
900 2818 1013 2880 suum,
1031 2807 1162 2890 praeter
1186 2796 1265 2867 haec
1286 2806 1415 2868 nostra.
1429 2825 1468 2864 20

373 2909 460 2981 Post
480 2909 575 2981 hunc
605 2911 820 2981 exstiterunt
838 2909 1051 2985 Ptolemaeus
1077 2922 1115 2984 et
1138 2913 1322 2985 Secundus
1347 2913 1418 2984 hae-

372 3028 483 3110 retici,
513 3027 572 3118 qui
601 3049 682 3098 cum
709 3025 904 3099 Valentino
934 3051 998 3121 per
1027 3031 1146 3100 omnia
1171 3030 1417 3112 consentiunt;

372 3143 409 3217 in
439 3142 500 3214 illo
528 3141 603 3214 solo
634 3142 821 3228 diffenmt3
846 3167 926 3218 nam
955 3167 1037 3216 cum
1063 3144 1279 3218 Valentinus
1299 3167 1417 3216 aeonas

372 3265 513 3329 tantum
538 3259 684 3352 triginta
708 3261 877 3343 finxisset,
894 3260 954 3330 isti
979 3261 1190 3331 addiderunt
1210 3259 1297 3332 alios
1323 3282 1419 3330 com-

372 3371 511 3464 plures3
536 3381 688 3465 quatuor
703 3376 798 3444 euim
821 3375 986 3467 primum,
1004 3374 1132 3445 deinde
1155 3375 1242 3445 alios
1267 3382 1466 3466 quatuorrs

372 3497 679 3582 aggregaverrmt3
718 3497 755 3559 et
789 3491 884 3582 quod
914 3490 1000 3560 dicit
1031 3489 1246 3562 Valentinus
1279 3513 1417 3560 aeonem

372 3605 592 3697 trigesimum
622 3605 813 3676 excessisse
843 3605 888 3675 de
921 3605 1127 3698 pleromate,
1156 3613 1198 3674 ut
1230 3606 1268 3674 iu
1302 3605 1419 3675 defec-

371 3721 516 3802 tionem,
546 3728 678 3814 negent
704 3722 783 3792 isti:
812 3745 883 3791 non
914 3722 1008 3792 euim
1037 3743 1083 3790 ex
1113 3720 1175 3791 illa
1199 3721 1418 3791 triacontade

371 3837 478 3909 fuisse
506 3835 612 3918 huno,
643 3838 705 3928 qui
734 3837 902 3907 fueritin
926 3837 1125 3908 defectione
1158 3844 1303 3929 propter
1329 3834 1419 3905 desi-

371 3954 507 4023 derium
526 3952 667 4023 videndi
685 3955 890 4046 propatoris.
944 3953 1093 4025 Exstitit
1114 3961 1287 4047 praeterea
1305 3951 1469 4030 Hera-30

371 4068 473 4140 cleon
497 4069 588 4140 altor
612 4069 813 4153 haereticus,
831 4072 990 4163 quicum
1009 4070 1204 4144 Valentino
1221 4071 1318 4162 paria
1341 4089 1419 4138 seu-

372 4184 427 4265 tit,
450 4185 513 4254 sed
538 4187 697 4256 novitate
723 4187 873 4278 quadarn
900 4187 1195 4278 pronuntiationis
1213 4183 1290 4255 vult
1309 4183 1418 4256 videri

369 4297 440 4368 alia
469 4301 624 4383 sentire;
649 4302 842 4371 introducit
868 4303 962 4372 enim
989 4304 1026 4371 in
1051 4303 1173 4392 primis
1196 4299 1285 4370 illud
1311 4299 1419 4372 fuisso
