3316 5198
436 483 500 548 DE
526 479 922 548 PRAESCRIPTIONE
947 482 1072 546 ΗΕΒ.
1192 483 1256 549 137

206 655 411 727 nationibus
427 657 624 752 magistros.
659 657 787 750 Itaque
798 680 871 727 uno
888 679 1010 727 eorum
1028 657 1186 739 decusso,
1204 679 1257 726 re·

209 769 324 863 liquos
341 773 507 843 undecim
530 773 729 869 digrediens
751 774 796 843 ad
820 771 965 844 Patrem
988 781 1068 866 post
1085 793 1258 842 resurrec-

209 888 355 971 tionem,
377 891 485 982 jussit
513 891 565 961 ire
592 898 630 961 et
656 891 782 960 docere
807 889 978 971 nationes,
1007 888 1256 982 intinguendas
1265 894 1339 972 Μιεῇ

209 1005 246 1074 in
273 1004 418 1076 Patrem
443 1015 481 1077 et
507 1008 545 1076 in
575 1005 706 1076 Filium
736 1014 773 1076 et
802 1005 840 1075 in
870 1003 1043 1098 Spiritum
1074 975 1348 1075 Sanctum.²¹'¹¹'‘

181 1121 343 1198 sStatim
369 1123 479 1216 igitur
503 1121 653 1215 apostoli
684 1121 786 1214 (quos
812 1121 887 1193 haec
914 1121 1105 1215 appellatio
1135 1121 1349 1192 masmae-s·

209 1239 477 1332 interpretaturi
495 1249 676 1332 assumpto
693 1263 757 1332 per
777 1247 908 1310 sortem
927 1239 1136 1310 duodecimo
1160 1237 1258 1308 Mat·

209 1354 286 1426 thia
309 1356 347 1425 in
372 1355 491 1426 locum
517 1354 621 1427 Judae
646 1378 693 1427 ex
717 1357 929 1428 auctoritate
953 1356 1257 1450 prophetiaeque

210 1479 265 1542 ast
288 1473 325 1542 in
347 1471 483 1566 psalmo
507 1471 634 1556 David,
652 1475 831 1543 consecuti
855 1475 1060 1566 promissam
1085 1473 1156 1542 vim
1178 1471 1402 1565 Spi.r.u.cvis.

210 1587 299 1658 ritus
322 1587 445 1658 Sancti
468 1590 513 1659 ad
537 1590 686 1660 virtutes
704 1597 742 1659 et
764 1588 955 1682 eloquium,
975 1590 1088 1682 primo
1105 1611 1169 1681 per
1192 1588 1358 1658 Ju-aas.

163 1704 321 1774 {odaeum
346 1713 546 1776 contestata
571 1706 640 1776 fide
665 1707 703 1776 in
729 1706 855 1776 Jesum
873 1705 1065 1788 Christum,
1087 1715 1125 1776 et
1145 1704 1258 1775 eccle-

210 1821 270 1892 siis
303 1823 485 1905 institutis,
520 1821 647 1894 dehinc
682 1824 718 1892 in
752 1823 874 1893 orbem
907 1821 1068 1916 profecti,
1106 1821 1422 1916 eandemacassaz.

209 1939 407 2010 doctrinam
450 1938 608 2030 ejusdem
646 1939 728 2009 fidei
768 1938 970 2009 nationibus
1013 1919 1380 2031 promulgare-iffi,

211 2065 314 2126 runt:
341 2064 379 2126 et
398 2055 545 2147 proinde
567 2053 733 2125 ecclesias
754 2056 848 2148 apud
867 2077 1152 2147 unamquamque
1172 2055 1381 2124 civi-saxa,

211 2178 324 2240 tatem
350 2170 603 2240 condiderunt:
629 2193 651 2240 a
674 2171 802 2263 quibus
824 2171 1007 2241 traducem
1033 2170 1117 2239 fidei
1141 2177 1179 2239 et
1205 2191 1258 2238 se-

166 2307 200 2366 ⁸5
211 2287 309 2356 mina
324 2285 492 2356 doctrinae
509 2294 635 2357 ceterae
653 2287 782 2357 exinde
799 2285 956 2357 ecclesiae
976 2295 1147 2355 mutuatae
1164 2293 1258 2366 sunt,

212 2409 249 2470 et
275 2403 433 2493 quotidie
458 2409 677 2483 mutuantur,
703 2411 745 2472 ut
774 2403 931 2473 ecclesiae
960 2402 1058 2472 fiant
1109 2400 1166 2470 Ac
1196 2425 1260 2494 per

211 2516 279 2588 hoc
305 2527 342 2588 et
367 2519 450 2610 ipsae
475 2517 675 2610 apostolica
701 2520 925 2610 deputantur,
949 2527 991 2588 nt
1016 2517 1154 2588 soboles
1175 2541 1259 2610 apo-

211 2633 413 2704 stolicarum
438 2632 677 2704 ecclesiarum.
728 2632 846 2706 Omne
875 2657 987 2728 genus
1016 2635 1060 2704 ad
1086 2635 1257 2727 originem

211 2773 311 2821 suam
341 2757 536 2832 censeatur,
565 2771 710 2820 necesse
737 2757 811 2820 est:
847 2752 966 2842 itaque
997 2759 1053 2820 tot
1082 2774 1124 2822 ac
1150 2759 1259 2821 tantae

164 2866 377 2948 aoeeclesioe,
411 2889 483 2936 una
512 2873 568 2937 est
597 2865 661 2937 illa
689 2865 735 2936 ab
764 2866 931 2959 apostolis
960 2867 1082 2959 prims,
1112 2889 1159 2936 ex
1189 2889 1259 2957 qua

212 3007 344 3054 omnes.
397 2982 457 3053 Sic
493 3006 616 3053 omnes
650 2983 782 3076 primae,
813 2993 851 3052 et
885 3004 1007 3051 omnes
1036 2981 1259 3074 apostolicae;

213 3101 298 3170 dum
320 3122 392 3169 una
417 3120 549 3168 omnes.
601 3099 759 3170 Probent
785 3099 961 3168 unitatem
985 3100 1259 3168 communicatio

212 3215 317 3306 pacis,
335 3223 374 3284 et
389 3213 578 3306 appellatio
595 3214 835 3296 fraternitatis,
853 3221 891 3283 et
908 3213 1159 3282 contesseratio
1179 3212 1260 3281 hos-

212 3330 416 3424 pitalitatis:
443 3353 523 3422 qnae
534 3332 617 3423 jura
637 3354 707 3400 non
725 3329 795 3400 alia
811 3331 900 3399 ratio
925 3329 1026 3422 regit,
1045 3349 1150 3420 quam
1168 3328 1259 3418 ejus-

165 3473 200 3532 25
212 3447 293 3518 dem
310 3448 517 3518 sacramenti
537 3470 610 3517 una
625 3449 779 3517 tmditio.

263 3562 358 3634 Hinc
384 3565 493 3657 igitur
518 3563 700 3657 dirigimus
724 3563 1042 3656 prescriptionem:
1077 3561 1105 3630 si
1135 3557 1259 3628 Domi·
1302 3570 1387 3618 CAP-

211 3701 277 3750 nus
299 3679 405 3749 Jesus
422 3678 583 3749 Christus
605 3679 781 3771 apostolos
798 3681 895 3749 misit
918 3679 964 3748 ad
983 3676 1256 3770 praedicandum,
1267 3633 1380 3748 ruffi

211 3793 297 3864 alios
322 3818 393 3866 non
419 3818 496 3866 esse
523 3796 741 3888 recipiendos
764 3795 1017 3888 predicatores,
1040 3815 1146 3884 quam
1169 3813 1257 3883 quos

211 3910 373 3982 Christus
399 3913 575 3982 instituit:
606 3913 689 4004 quia
709 3935 769 3983 occ
790 3910 880 3981 aiios
906 3909 1050 3980 Patren
1072 3908 1165 3978 novit
1186 3906 1363 3977 nisime.»

163 4025 339 4110 30Filics,
375 4038 406 4098 et
436 4029 493 4098 cui
529 4026 646 4098 Filius
679 4027 848 4099 revelavit.
902 4027 981 4096 Nec
1011 4024 1088 4095 aliis
1119 4025 1259 4094 videtur

211 4144 384 4215 revelasse
408 4145 528 4228 Filius,
547 4167 653 4236 quam
675 4144 853 4236 apostolis,
871 4165 959 4234 quos
981 4143 1079 4211 misit
1102 4141 1145 4210 ad
1170 4165 1260 4234 prae-

211 4259 401 4330 dicandum
424 4262 549 4352 ntique
573 4260 667 4352 quod
690 4258 761 4330 illis
783 4257 964 4328 revelavit.
1015 4255 1111 4340 Quid
1139 4267 1259 4328 autem

211 4377 486 4468 predicaverint,
509 4376 545 4446 id
569 4385 633 4458 est,
646 4375 730 4468 quid
754 4375 824 4445 illis
846 4373 1007 4445 Christus
1030 4374 1259 4456 revelaverit;

727 4535 752 4586 T
